Sl. No,Timestamp,Cell id,AP1,AP2,AP3,AP4,AP5,AP6,AP7,AP8,AP9,AP10,AP11,AP12
0,1657874971,T1,-76,-63,-100,-110,-110,-110,-110,-110,-110,-110,-110,-110
1,1657874972,T1,-76,-63,-100,-110,-110,-110,-110,-110,-110,-110,-110,-110
2,1657874973,T1,-76,-63,-100,-110,-110,-110,-110,-110,-110,-110,-110,-110
3,1657874975,T1,-80,-64,-94,-77,-110,-110,-110,-110,-110,-110,-110,-110
4,1657874976,T1,-80,-64,-94,-77,-110,-110,-110,-110,-110,-110,-110,-110
5,1657874977,T1,-80,-64,-94,-77,-110,-110,-110,-110,-110,-110,-110,-110
6,1657874978,T1,-85,-68,-110,-81,-82,-93,-110,-110,-110,-110,-110,-110
7,1657874979,T1,-85,-68,-110,-81,-82,-93,-110,-110,-110,-110,-110,-110
8,1657874980,T1,-85,-68,-110,-81,-82,-93,-110,-110,-110,-110,-110,-110
9,1657874981,T1,-85,-68,-110,-81,-82,-93,-110,-110,-110,-110,-110,-110
10,1657874982,T1,-85,-68,-110,-81,-82,-93,-110,-110,-110,-110,-110,-110
11,1657874983,T1,-85,-68,-110,-81,-82,-93,-110,-110,-110,-110,-110,-110
12,1657874984,T1,-85,-68,-110,-81,-82,-93,-110,-110,-110,-110,-110,-110
13,1657874985,T1,-85,-68,-110,-81,-82,-93,-110,-110,-110,-110,-110,-110
14,1657874986,T1,-85,-68,-110,-81,-82,-93,-110,-110,-110,-110,-110,-110
15,1657874987,T1,-85,-68,-110,-81,-82,-93,-110,-110,-110,-110,-110,-110
16,1657874988,T1,-85,-68,-110,-81,-82,-93,-110,-110,-110,-110,-110,-110
17,1657874989,T1,-85,-68,-110,-81,-82,-93,-110,-110,-110,-110,-110,-110
18,1657874990,T1,-85,-68,-110,-81,-82,-93,-110,-110,-110,-110,-110,-110
0,1657875045,T2,-81,-72,-110,-110,-84,-110,-86,-110,-110,-110,-110,-110
1,1657875046,T2,-81,-72,-110,-110,-84,-110,-86,-110,-110,-110,-110,-110
2,1657875047,T2,-81,-72,-110,-110,-84,-110,-86,-110,-110,-110,-110,-110
3,1657875048,T2,-81,-72,-110,-110,-84,-110,-86,-110,-110,-110,-110,-110
4,1657875049,T2,-81,-72,-110,-110,-84,-110,-86,-110,-110,-110,-110,-110
5,1657875050,T2,-81,-72,-110,-110,-84,-110,-86,-110,-110,-110,-110,-110
6,1657875051,T2,-81,-72,-110,-110,-84,-110,-86,-110,-110,-110,-110,-110
7,1657875052,T2,-81,-72,-110,-110,-84,-110,-86,-110,-110,-110,-110,-110
8,1657875053,T2,-81,-72,-110,-110,-84,-110,-86,-110,-110,-110,-110,-110
9,1657875054,T2,-81,-72,-110,-110,-84,-110,-86,-110,-110,-110,-110,-110
10,1657875055,T2,-81,-72,-110,-110,-84,-110,-86,-110,-110,-110,-110,-110
11,1657875056,T2,-81,-72,-110,-110,-84,-110,-86,-110,-110,-110,-110,-110
12,1657875057,T2,-81,-72,-110,-110,-84,-110,-86,-110,-110,-110,-110,-110
13,1657875058,T2,-81,-72,-110,-110,-84,-110,-86,-110,-110,-110,-110,-110
14,1657875059,T2,-81,-72,-110,-110,-84,-110,-86,-110,-110,-110,-110,-110
15,1657875060,T2,-81,-72,-110,-110,-84,-110,-86,-110,-110,-110,-110,-110
16,1657875061,T2,-81,-72,-110,-110,-84,-110,-86,-110,-110,-110,-110,-110
17,1657875062,T2,-81,-72,-110,-110,-84,-110,-86,-110,-110,-110,-110,-110
18,1657875063,T2,-81,-72,-110,-110,-84,-110,-86,-110,-110,-110,-110,-110
19,1657875064,T2,-81,-72,-110,-110,-84,-110,-86,-110,-110,-110,-110,-110
20,1657875065,T2,-81,-72,-110,-110,-84,-110,-86,-110,-110,-110,-110,-110
21,1657875066,T2,-81,-72,-110,-110,-84,-110,-86,-110,-110,-110,-110,-110
22,1657875067,T2,-81,-72,-110,-110,-84,-110,-86,-110,-110,-110,-110,-110
23,1657875068,T2,-81,-72,-110,-110,-84,-110,-86,-110,-110,-110,-110,-110
24,1657875069,T2,-81,-72,-110,-110,-84,-110,-86,-110,-110,-110,-110,-110
0,1657875095,T3,-81,-72,-110,-110,-84,-110,-86,-110,-110,-110,-110,-110
1,1657875096,T3,-76,-67,-110,-110,-110,-110,-110,-94,-86,-110,-110,-110
2,1657875097,T3,-76,-67,-110,-110,-110,-110,-110,-94,-86,-110,-110,-110
3,1657875098,T3,-76,-67,-110,-110,-110,-110,-110,-94,-86,-110,-110,-110
4,1657875099,T3,-76,-67,-110,-110,-110,-110,-110,-94,-86,-110,-110,-110
5,1657875100,T3,-84,-78,-110,-110,-86,-110,-85,-95,-110,-110,-110,-110
6,1657875101,T3,-84,-78,-110,-110,-86,-110,-85,-95,-110,-110,-110,-110
7,1657875102,T3,-84,-78,-110,-110,-86,-110,-85,-95,-110,-110,-110,-110
8,1657875103,T3,-84,-78,-110,-110,-86,-110,-85,-95,-110,-110,-110,-110
9,1657875104,T3,-84,-78,-110,-110,-86,-110,-85,-95,-110,-110,-110,-110
10,1657875105,T3,-84,-78,-110,-110,-86,-110,-85,-95,-110,-110,-110,-110
11,1657875106,T3,-84,-78,-110,-110,-86,-110,-85,-95,-110,-110,-110,-110
12,1657875107,T3,-84,-78,-110,-110,-86,-110,-85,-95,-110,-110,-110,-110
13,1657875108,T3,-84,-78,-110,-110,-86,-110,-85,-95,-110,-110,-110,-110
14,1657875109,T3,-84,-78,-110,-110,-86,-110,-85,-95,-110,-110,-110,-110
15,1657875110,T3,-84,-78,-110,-110,-86,-110,-85,-95,-110,-110,-110,-110
16,1657875111,T3,-84,-78,-110,-110,-86,-110,-85,-95,-110,-110,-110,-110
17,1657875112,T3,-84,-78,-110,-110,-86,-110,-85,-95,-110,-110,-110,-110
18,1657875113,T3,-84,-78,-110,-110,-86,-110,-85,-95,-110,-110,-110,-110
19,1657875114,T3,-84,-78,-110,-110,-86,-110,-85,-95,-110,-110,-110,-110
20,1657875115,T3,-84,-78,-110,-110,-86,-110,-85,-95,-110,-110,-110,-110
21,1657875116,T3,-84,-78,-110,-110,-86,-110,-85,-95,-110,-110,-110,-110
22,1657875117,T3,-84,-78,-110,-110,-86,-110,-85,-95,-110,-110,-110,-110
0,1657875142,T4,-84,-78,-110,-110,-86,-110,-85,-95,-110,-110,-110,-110
1,1657875143,T4,-84,-78,-110,-110,-86,-110,-85,-95,-110,-110,-110,-110
2,1657875144,T4,-84,-78,-110,-110,-86,-110,-85,-95,-110,-110,-110,-110
3,1657875145,T4,-84,-78,-110,-110,-86,-110,-85,-95,-110,-110,-110,-110
4,1657875146,T4,-84,-78,-110,-110,-86,-110,-85,-95,-110,-110,-110,-110
5,1657875147,T4,-84,-78,-110,-110,-86,-110,-85,-95,-110,-110,-110,-110
6,1657875148,T4,-84,-78,-110,-110,-86,-110,-85,-95,-110,-110,-110,-110
7,1657875149,T4,-84,-78,-110,-110,-86,-110,-85,-95,-110,-110,-110,-110
8,1657875150,T4,-84,-78,-110,-110,-86,-110,-85,-95,-110,-110,-110,-110
9,1657875151,T4,-84,-78,-110,-110,-86,-110,-85,-95,-110,-110,-110,-110
10,1657875152,T4,-84,-78,-110,-110,-86,-110,-85,-95,-110,-110,-110,-110
11,1657875153,T4,-84,-78,-110,-110,-86,-110,-85,-95,-110,-110,-110,-110
12,1657875154,T4,-84,-78,-110,-110,-86,-110,-85,-95,-110,-110,-110,-110
13,1657875155,T4,-84,-78,-110,-110,-86,-110,-85,-95,-110,-110,-110,-110
0,1657875181,T5,-80,-72,-95,-83,-82,-95,-110,-110,-110,-91,-110,-110
1,1657875182,T5,-80,-72,-95,-83,-82,-95,-110,-110,-110,-91,-110,-110
2,1657875183,T5,-80,-72,-95,-83,-82,-95,-110,-110,-110,-91,-110,-110
3,1657875184,T5,-80,-72,-95,-83,-82,-95,-110,-110,-110,-91,-110,-110
4,1657875185,T5,-80,-72,-95,-83,-82,-95,-110,-110,-110,-91,-110,-110
5,1657875186,T5,-80,-72,-95,-83,-82,-95,-110,-110,-110,-91,-110,-110
6,1657875187,T5,-80,-72,-95,-83,-82,-95,-110,-110,-110,-91,-110,-110
7,1657875188,T5,-80,-72,-95,-83,-82,-95,-110,-110,-110,-91,-110,-110
8,1657875189,T5,-80,-72,-95,-83,-82,-95,-110,-110,-110,-91,-110,-110
9,1657875190,T5,-80,-72,-95,-83,-82,-95,-110,-110,-110,-91,-110,-110
10,1657875191,T5,-80,-72,-95,-83,-82,-95,-110,-110,-110,-91,-110,-110
11,1657875192,T5,-80,-72,-95,-83,-82,-95,-110,-110,-110,-91,-110,-110
12,1657875193,T5,-80,-72,-95,-83,-82,-95,-110,-110,-110,-91,-110,-110
13,1657875194,T5,-80,-72,-95,-83,-82,-95,-110,-110,-110,-91,-110,-110
14,1657875195,T5,-80,-72,-95,-83,-82,-95,-110,-110,-110,-91,-110,-110
0,1657875274,T6,-86,-71,-96,-79,-79,-95,-88,-110,-110,-94,-110,-110
1,1657875275,T6,-86,-71,-96,-79,-79,-95,-88,-110,-110,-94,-110,-110
2,1657875276,T6,-86,-71,-96,-79,-79,-95,-88,-110,-110,-94,-110,-110
3,1657875277,T6,-86,-71,-96,-79,-79,-95,-88,-110,-110,-94,-110,-110
4,1657875278,T6,-91,-72,-110,-81,-84,-93,-80,-110,-80,-110,-110,-110
5,1657875279,T6,-91,-72,-110,-81,-84,-93,-80,-110,-80,-110,-110,-110
6,1657875280,T6,-91,-72,-110,-81,-84,-93,-80,-110,-80,-110,-110,-110
7,1657875281,T6,-91,-72,-110,-81,-84,-93,-80,-110,-80,-110,-110,-110
8,1657875282,T6,-91,-72,-110,-81,-84,-93,-80,-110,-80,-110,-110,-110
9,1657875283,T6,-91,-72,-110,-81,-84,-93,-80,-110,-80,-110,-110,-110
10,1657875284,T6,-91,-72,-110,-81,-84,-93,-80,-110,-80,-110,-110,-110
0,1657875340,T7,-92,-66,-110,-82,-85,-110,-110,-110,-110,-110,-97,-110
1,1657875341,T7,-92,-66,-110,-82,-85,-110,-110,-110,-110,-110,-97,-110
2,1657875342,T7,-92,-66,-110,-82,-85,-110,-110,-110,-110,-110,-97,-110
3,1657875343,T7,-92,-66,-110,-82,-85,-110,-110,-110,-110,-110,-97,-110
4,1657875344,T7,-92,-66,-110,-82,-85,-110,-110,-110,-110,-110,-97,-110
5,1657875345,T7,-92,-66,-110,-82,-85,-110,-110,-110,-110,-110,-97,-110
6,1657875346,T7,-92,-66,-110,-82,-85,-110,-110,-110,-110,-110,-97,-110
7,1657875347,T7,-92,-66,-110,-82,-85,-110,-110,-110,-110,-110,-97,-110
8,1657875348,T7,-92,-66,-110,-82,-85,-110,-110,-110,-110,-110,-97,-110
9,1657875349,T7,-92,-66,-110,-82,-85,-110,-110,-110,-110,-110,-97,-110
10,1657875350,T7,-92,-66,-110,-82,-85,-110,-110,-110,-110,-110,-97,-110
11,1657875351,T7,-92,-66,-110,-82,-85,-110,-110,-110,-110,-110,-97,-110
12,1657875352,T7,-92,-66,-110,-82,-85,-110,-110,-110,-110,-110,-97,-110
13,1657875353,T7,-92,-66,-110,-82,-85,-110,-110,-110,-110,-110,-97,-110
14,1657875354,T7,-92,-66,-110,-82,-85,-110,-110,-110,-110,-110,-97,-110
0,1657875381,T8,-92,-66,-110,-82,-85,-110,-110,-110,-110,-110,-97,-110
1,1657875382,T8,-92,-66,-110,-82,-85,-110,-110,-110,-110,-110,-97,-110
2,1657875383,T8,-92,-66,-110,-82,-85,-110,-110,-110,-110,-110,-97,-110
3,1657875384,T8,-92,-66,-110,-82,-85,-110,-110,-110,-110,-110,-97,-110
4,1657875385,T8,-92,-66,-110,-82,-85,-110,-110,-110,-110,-110,-97,-110
5,1657875386,T8,-92,-66,-110,-82,-85,-110,-110,-110,-110,-110,-97,-110
6,1657875387,T8,-92,-66,-110,-82,-85,-110,-110,-110,-110,-110,-97,-110
7,1657875388,T8,-92,-66,-110,-82,-85,-110,-110,-110,-110,-110,-97,-110
8,1657875389,T8,-92,-66,-110,-82,-85,-110,-110,-110,-110,-110,-97,-110
9,1657875390,T8,-92,-66,-110,-82,-85,-110,-110,-110,-110,-110,-97,-110
10,1657875391,T8,-92,-66,-110,-82,-85,-110,-110,-110,-110,-110,-97,-110
11,1657875392,T8,-92,-66,-110,-82,-85,-110,-110,-110,-110,-110,-97,-110
12,1657875393,T8,-92,-66,-110,-82,-85,-110,-110,-110,-110,-110,-97,-110
0,1657875420,T9,-110,-70,-110,-110,-85,-110,-110,-110,-110,-110,-110,-110
1,1657875421,T9,-110,-70,-110,-110,-85,-110,-110,-110,-110,-110,-110,-110
2,1657875422,T9,-110,-70,-110,-110,-85,-110,-110,-110,-110,-110,-110,-110
3,1657875423,T9,-110,-70,-110,-110,-85,-110,-110,-110,-110,-110,-110,-110
4,1657875424,T9,-110,-70,-110,-110,-85,-110,-110,-110,-110,-110,-110,-110
5,1657875425,T9,-89,-64,-110,-110,-89,-110,-110,-110,-110,-110,-110,-110
6,1657875426,T9,-110,-110,-110,-110,-110,-110,-110,-110,-89,-110,-110,-110
7,1657875427,T9,-89,-64,-110,-110,-89,-110,-110,-110,-89,-110,-110,-110
8,1657875428,T9,-89,-64,-110,-110,-89,-110,-110,-110,-89,-110,-110,-110
9,1657875429,T9,-89,-64,-110,-110,-89,-110,-110,-110,-89,-110,-110,-110
10,1657875430,T9,-89,-64,-110,-110,-89,-110,-110,-110,-89,-110,-110,-110
11,1657875431,T9,-89,-64,-110,-110,-89,-110,-110,-110,-89,-110,-110,-110
12,1657875432,T9,-89,-64,-110,-110,-89,-110,-110,-110,-89,-110,-110,-110
13,1657875434,T9,-89,-64,-110,-110,-89,-110,-110,-110,-89,-110,-110,-110
14,1657875435,T9,-89,-64,-110,-110,-89,-110,-110,-110,-89,-110,-110,-110
15,1657875436,T9,-89,-64,-110,-110,-89,-110,-110,-110,-89,-110,-110,-110
16,1657875437,T9,-89,-64,-110,-110,-89,-110,-110,-110,-89,-110,-110,-110
0,1657875464,T10,-89,-64,-110,-110,-89,-110,-110,-110,-89,-110,-110,-110
1,1657875465,T10,-89,-64,-110,-110,-89,-110,-110,-110,-89,-110,-110,-110
2,1657875466,T10,-89,-64,-110,-110,-89,-110,-110,-110,-89,-110,-110,-110
3,1657875467,T10,-89,-64,-110,-110,-89,-110,-110,-110,-89,-110,-110,-110
4,1657875468,T10,-89,-64,-110,-110,-89,-110,-110,-110,-89,-110,-110,-110
5,1657875469,T10,-89,-64,-110,-110,-89,-110,-110,-110,-89,-110,-110,-110
6,1657875470,T10,-89,-64,-110,-110,-89,-110,-110,-110,-89,-110,-110,-110
7,1657875471,T10,-89,-64,-110,-110,-89,-110,-110,-110,-89,-110,-110,-110
8,1657875472,T10,-89,-64,-110,-110,-89,-110,-110,-110,-89,-110,-110,-110
9,1657875473,T10,-89,-64,-110,-110,-89,-110,-110,-110,-89,-110,-110,-110
10,1657875474,T10,-89,-64,-110,-110,-89,-110,-110,-110,-89,-110,-110,-110
11,1657875475,T10,-89,-64,-110,-110,-89,-110,-110,-110,-89,-110,-110,-110
12,1657875476,T10,-89,-64,-110,-110,-89,-110,-110,-110,-89,-110,-110,-110
13,1657875477,T10,-89,-64,-110,-110,-89,-110,-110,-110,-89,-110,-110,-110
14,1657875478,T10,-89,-64,-110,-110,-89,-110,-110,-110,-89,-110,-110,-110
15,1657875479,T10,-89,-64,-110,-110,-89,-110,-110,-110,-89,-110,-110,-110
16,1657875480,T10,-89,-64,-110,-110,-89,-110,-110,-110,-89,-110,-110,-110
17,1657875481,T10,-89,-64,-110,-110,-89,-110,-110,-110,-89,-110,-110,-110
18,1657875482,T10,-89,-64,-110,-110,-89,-110,-110,-110,-89,-110,-110,-110
0,1657875507,T11,-89,-64,-110,-110,-89,-110,-110,-110,-89,-110,-110,-110
1,1657875508,T11,-89,-64,-110,-110,-89,-110,-110,-110,-89,-110,-110,-110
2,1657875509,T11,-89,-64,-110,-110,-89,-110,-110,-110,-89,-110,-110,-110
3,1657875510,T11,-89,-64,-110,-110,-89,-110,-110,-110,-89,-110,-110,-110
4,1657875511,T11,-89,-64,-110,-110,-89,-110,-110,-110,-89,-110,-110,-110
5,1657875512,T11,-89,-64,-110,-110,-89,-110,-110,-110,-89,-110,-110,-110
6,1657875513,T11,-89,-64,-110,-110,-89,-110,-110,-110,-89,-110,-110,-110
7,1657875514,T11,-89,-64,-110,-110,-89,-110,-110,-110,-89,-110,-110,-110
8,1657875515,T11,-89,-64,-110,-110,-89,-110,-110,-110,-89,-110,-110,-110
9,1657875516,T11,-89,-64,-110,-110,-89,-110,-110,-110,-89,-110,-110,-110
10,1657875517,T11,-89,-64,-110,-110,-89,-110,-110,-110,-89,-110,-110,-110
11,1657875518,T11,-89,-64,-110,-110,-89,-110,-110,-110,-89,-110,-110,-110
12,1657875519,T11,-89,-64,-110,-110,-89,-110,-110,-110,-89,-110,-110,-110
13,1657875520,T11,-89,-64,-110,-110,-89,-110,-110,-110,-89,-110,-110,-110
14,1657875521,T11,-89,-64,-110,-110,-89,-110,-110,-110,-89,-110,-110,-110
15,1657875522,T11,-89,-64,-110,-110,-89,-110,-110,-110,-89,-110,-110,-110
16,1657875523,T11,-89,-64,-110,-110,-89,-110,-110,-110,-89,-110,-110,-110
17,1657875524,T11,-89,-64,-110,-110,-89,-110,-110,-110,-89,-110,-110,-110
18,1657875525,T11,-89,-64,-110,-110,-89,-110,-110,-110,-89,-110,-110,-110
19,1657875526,T11,-89,-64,-110,-110,-89,-110,-110,-110,-89,-110,-110,-110
0,1657875552,T12,-89,-64,-110,-110,-89,-110,-110,-110,-89,-110,-110,-110
1,1657875553,T12,-89,-64,-110,-110,-89,-110,-110,-110,-89,-110,-110,-110
2,1657875554,T12,-89,-64,-110,-110,-89,-110,-110,-110,-89,-110,-110,-110
3,1657875555,T12,-89,-64,-110,-110,-89,-110,-110,-110,-89,-110,-110,-110
4,1657875556,T12,-89,-64,-110,-110,-89,-110,-110,-110,-89,-110,-110,-110
5,1657875557,T12,-77,-77,-110,-110,-81,-110,-110,-110,-110,-95,-110,-110
6,1657875558,T12,-77,-77,-110,-110,-81,-110,-110,-110,-110,-95,-110,-110
7,1657875559,T12,-77,-77,-110,-110,-81,-110,-110,-110,-110,-95,-110,-110
8,1657875560,T12,-77,-77,-110,-110,-81,-110,-110,-110,-110,-95,-110,-110
9,1657875561,T12,-77,-77,-110,-110,-81,-110,-110,-110,-110,-95,-110,-110
10,1657875562,T12,-110,-65,-110,-84,-84,-110,-110,-110,-110,-110,-110,-110
11,1657875563,T12,-110,-65,-110,-84,-84,-110,-110,-110,-110,-110,-110,-110
12,1657875564,T12,-110,-65,-110,-84,-84,-110,-110,-110,-110,-110,-110,-110
13,1657875565,T12,-110,-65,-110,-84,-84,-110,-110,-110,-110,-110,-110,-110
14,1657875566,T12,-110,-65,-110,-84,-84,-110,-110,-110,-110,-110,-110,-110
15,1657875567,T12,-110,-65,-110,-84,-84,-110,-110,-110,-110,-110,-110,-110
16,1657875568,T12,-110,-65,-110,-84,-84,-110,-110,-110,-110,-110,-110,-110
17,1657875569,T12,-110,-65,-110,-84,-84,-110,-110,-110,-110,-110,-110,-110
18,1657875570,T12,-110,-65,-110,-84,-84,-110,-110,-110,-110,-110,-110,-110
0,1657875599,T13,-90,-73,-96,-82,-110,-110,-110,-110,-110,-110,-110,-110
1,1657875600,T13,-90,-73,-96,-82,-110,-110,-110,-110,-110,-110,-110,-110
2,1657875601,T13,-90,-73,-96,-82,-110,-110,-110,-110,-110,-110,-110,-110
3,1657875602,T13,-90,-73,-96,-82,-110,-110,-110,-110,-110,-110,-110,-110
4,1657875603,T13,-90,-73,-96,-82,-110,-110,-110,-110,-110,-110,-110,-110
5,1657875604,T13,-90,-73,-96,-82,-110,-110,-110,-110,-110,-110,-110,-110
6,1657875605,T13,-90,-73,-96,-82,-110,-110,-110,-110,-110,-110,-110,-110
7,1657875606,T13,-90,-73,-96,-82,-110,-110,-110,-110,-110,-110,-110,-110
8,1657875607,T13,-90,-73,-96,-82,-110,-110,-110,-110,-110,-110,-110,-110
9,1657875608,T13,-90,-73,-96,-82,-110,-110,-110,-110,-110,-110,-110,-110
10,1657875609,T13,-90,-73,-96,-82,-110,-110,-110,-110,-110,-110,-110,-110
11,1657875610,T13,-90,-73,-96,-82,-110,-110,-110,-110,-110,-110,-110,-110
12,1657875611,T13,-90,-73,-96,-82,-110,-110,-110,-110,-110,-110,-110,-110
13,1657875612,T13,-90,-73,-96,-82,-110,-110,-110,-110,-110,-110,-110,-110
14,1657875613,T13,-90,-73,-96,-82,-110,-110,-110,-110,-110,-110,-110,-110
15,1657875614,T13,-90,-73,-96,-82,-110,-110,-110,-110,-110,-110,-110,-110
16,1657875615,T13,-90,-73,-96,-82,-110,-110,-110,-110,-110,-110,-110,-110
17,1657875616,T13,-90,-73,-96,-82,-110,-110,-110,-110,-110,-110,-110,-110
0,1657875644,T14,-76,-69,-110,-110,-110,-94,-86,-110,-110,-110,-110,-110
1,1657875645,T14,-76,-69,-110,-110,-110,-94,-86,-110,-110,-110,-110,-110
2,1657875646,T14,-76,-69,-110,-110,-110,-94,-86,-110,-110,-110,-110,-110
3,1657875647,T14,-76,-69,-110,-110,-110,-94,-86,-110,-110,-110,-110,-110
4,1657875648,T14,-76,-69,-110,-110,-110,-94,-86,-110,-110,-110,-110,-110
5,1657875649,T14,-76,-69,-110,-110,-110,-94,-86,-110,-110,-110,-110,-110
6,1657875650,T14,-76,-69,-110,-110,-110,-94,-86,-110,-110,-110,-110,-110
7,1657875651,T14,-76,-69,-110,-110,-110,-94,-86,-110,-110,-110,-110,-110
8,1657875652,T14,-76,-69,-110,-110,-110,-94,-86,-110,-110,-110,-110,-110
9,1657875653,T14,-76,-69,-110,-110,-110,-94,-86,-110,-110,-110,-110,-110
10,1657875654,T14,-76,-69,-110,-110,-110,-94,-86,-110,-110,-110,-110,-110
11,1657875655,T14,-76,-69,-110,-110,-110,-94,-86,-110,-110,-110,-110,-110
12,1657875656,T14,-76,-69,-110,-110,-110,-94,-86,-110,-110,-110,-110,-110
13,1657875657,T14,-76,-69,-110,-110,-110,-94,-86,-110,-110,-110,-110,-110
14,1657875658,T14,-76,-69,-110,-110,-110,-94,-86,-110,-110,-110,-110,-110
15,1657875659,T14,-76,-69,-110,-110,-110,-94,-86,-110,-110,-110,-110,-110
16,1657875660,T14,-76,-69,-110,-110,-110,-94,-86,-110,-110,-110,-110,-110
0,1657875709,T15,-87,-65,-110,-89,-110,-110,-110,-110,-110,-110,-110,-90
1,1657875710,T15,-87,-65,-110,-89,-110,-110,-110,-110,-110,-110,-110,-90
2,1657875712,T15,-87,-65,-110,-89,-110,-110,-110,-110,-110,-110,-110,-90
3,1657875713,T15,-80,-66,-110,-110,-83,-110,-110,-97,-110,-110,-110,-110
4,1657875714,T15,-80,-66,-110,-110,-83,-110,-110,-97,-110,-110,-110,-110
5,1657875715,T15,-80,-66,-110,-110,-83,-110,-110,-97,-110,-110,-110,-110
6,1657875716,T15,-80,-66,-110,-110,-83,-110,-110,-97,-110,-110,-110,-110
7,1657875717,T15,-80,-66,-110,-110,-83,-110,-110,-97,-110,-110,-110,-110
8,1657875718,T15,-80,-66,-110,-110,-83,-110,-110,-97,-110,-110,-110,-110
9,1657875719,T15,-80,-66,-110,-110,-83,-110,-110,-97,-110,-110,-110,-110
10,1657875720,T15,-80,-66,-110,-110,-83,-110,-110,-97,-110,-110,-110,-110
11,1657875721,T15,-80,-66,-110,-110,-83,-110,-110,-97,-110,-110,-110,-110
12,1657875722,T15,-80,-66,-110,-110,-83,-110,-110,-97,-110,-110,-110,-110
13,1657875723,T15,-80,-66,-110,-110,-83,-110,-110,-97,-110,-110,-110,-110
14,1657875724,T15,-80,-66,-110,-110,-83,-110,-110,-97,-110,-110,-110,-110
15,1657875725,T15,-80,-66,-110,-110,-83,-110,-110,-97,-110,-110,-110,-110
16,1657875726,T15,-80,-66,-110,-110,-83,-110,-110,-97,-110,-110,-110,-110
17,1657875727,T15,-80,-66,-110,-110,-83,-110,-110,-97,-110,-110,-110,-110
18,1657875728,T15,-80,-66,-110,-110,-83,-110,-110,-97,-110,-110,-110,-110
19,1657875729,T15,-80,-66,-110,-110,-83,-110,-110,-97,-110,-110,-110,-110
20,1657875730,T15,-80,-66,-110,-110,-83,-110,-110,-97,-110,-110,-110,-110
21,1657875731,T15,-80,-66,-110,-110,-83,-110,-110,-97,-110,-110,-110,-110
22,1657875732,T15,-80,-66,-110,-110,-83,-110,-110,-97,-110,-110,-110,-110
0,1657875766,T16,-80,-66,-110,-110,-83,-110,-110,-97,-110,-110,-110,-110
1,1657875767,T16,-80,-66,-110,-110,-83,-110,-110,-97,-110,-110,-110,-110
2,1657875768,T16,-80,-66,-110,-110,-83,-110,-110,-97,-110,-110,-110,-110
3,1657875769,T16,-80,-66,-110,-110,-83,-110,-110,-97,-110,-110,-110,-110
4,1657875770,T16,-80,-66,-110,-110,-83,-110,-110,-97,-110,-110,-110,-110
5,1657875771,T16,-80,-66,-110,-110,-83,-110,-110,-97,-110,-110,-110,-110
6,1657875772,T16,-80,-66,-110,-110,-83,-110,-110,-97,-110,-110,-110,-110
7,1657875773,T16,-80,-66,-110,-110,-83,-110,-110,-97,-110,-110,-110,-110
8,1657875774,T16,-80,-66,-110,-110,-83,-110,-110,-97,-110,-110,-110,-110
9,1657875775,T16,-80,-66,-110,-110,-83,-110,-110,-97,-110,-110,-110,-110
10,1657875776,T16,-80,-66,-110,-110,-83,-110,-110,-97,-110,-110,-110,-110
11,1657875777,T16,-80,-66,-110,-110,-83,-110,-110,-97,-110,-110,-110,-110
12,1657875778,T16,-80,-66,-110,-110,-83,-110,-110,-97,-110,-110,-110,-110
13,1657875779,T16,-80,-66,-110,-110,-83,-110,-110,-97,-110,-110,-110,-110
14,1657875780,T16,-80,-66,-110,-110,-83,-110,-110,-97,-110,-110,-110,-110
15,1657875781,T16,-80,-66,-110,-110,-83,-110,-110,-97,-110,-110,-110,-110
16,1657875782,T16,-85,-68,-110,-85,-110,-94,-110,-93,-89,-96,-110,-110
17,1657875783,T16,-85,-68,-110,-85,-110,-94,-110,-93,-89,-96,-110,-110
18,1657875784,T16,-85,-68,-110,-85,-110,-94,-110,-93,-89,-96,-110,-110
19,1657875785,T16,-85,-68,-110,-85,-110,-94,-110,-93,-89,-96,-110,-110
20,1657875786,T16,-85,-68,-110,-85,-110,-94,-110,-93,-89,-96,-110,-110
21,1657875787,T16,-85,-68,-110,-85,-110,-94,-110,-93,-89,-96,-110,-110
0,1657875822,T17,-85,-68,-110,-85,-110,-94,-110,-93,-89,-96,-110,-110
1,1657875823,T17,-85,-68,-110,-85,-110,-94,-110,-93,-89,-96,-110,-110
2,1657875824,T17,-85,-68,-110,-85,-110,-94,-110,-93,-89,-96,-110,-110
3,1657875825,T17,-85,-68,-110,-85,-110,-94,-110,-93,-89,-96,-110,-110
4,1657875826,T17,-85,-68,-110,-85,-110,-94,-110,-93,-89,-96,-110,-110
5,1657875827,T17,-85,-68,-110,-85,-110,-94,-110,-93,-89,-96,-110,-110
6,1657875828,T17,-85,-68,-110,-85,-110,-94,-110,-93,-89,-96,-110,-110
7,1657875829,T17,-85,-68,-110,-85,-110,-94,-110,-93,-89,-96,-110,-110
8,1657875830,T17,-85,-68,-110,-85,-110,-94,-110,-93,-89,-96,-110,-110
9,1657875831,T17,-85,-68,-110,-85,-110,-94,-110,-93,-89,-96,-110,-110
10,1657875832,T17,-85,-68,-110,-85,-110,-94,-110,-93,-89,-96,-110,-110
11,1657875833,T17,-83,-62,-110,-85,-82,-110,-110,-110,-110,-94,-110,-110
12,1657875834,T17,-83,-62,-110,-85,-82,-110,-110,-110,-110,-94,-110,-110
13,1657875835,T17,-83,-62,-110,-85,-82,-110,-110,-110,-110,-94,-110,-110
14,1657875836,T17,-83,-62,-110,-85,-82,-110,-110,-110,-110,-94,-110,-110
15,1657875837,T17,-83,-62,-110,-85,-82,-110,-110,-110,-110,-94,-110,-110
16,1657875838,T17,-83,-62,-110,-85,-82,-110,-110,-110,-110,-94,-110,-110
17,1657875839,T17,-83,-62,-110,-85,-82,-110,-110,-110,-110,-94,-110,-110
0,1657875865,T18,-82,-65,-110,-110,-84,-94,-79,-110,-79,-96,-110,-110
1,1657875866,T18,-82,-65,-110,-110,-84,-94,-79,-110,-79,-96,-110,-110
2,1657875867,T18,-82,-65,-110,-110,-84,-94,-79,-110,-79,-96,-110,-110
3,1657875869,T18,-82,-65,-110,-110,-84,-94,-79,-110,-79,-96,-110,-110
4,1657875871,T18,-82,-65,-110,-110,-84,-94,-79,-110,-79,-96,-110,-110
5,1657875873,T18,-82,-65,-110,-110,-84,-94,-79,-110,-79,-96,-110,-110
6,1657875874,T18,-82,-65,-110,-110,-84,-94,-79,-110,-79,-96,-110,-110
7,1657875875,T18,-82,-65,-110,-110,-84,-94,-79,-110,-79,-96,-110,-110
8,1657875877,T18,-82,-65,-110,-110,-84,-94,-79,-110,-79,-96,-110,-110
9,1657875878,T18,-82,-65,-110,-110,-84,-94,-79,-110,-79,-96,-110,-110
10,1657875879,T18,-82,-65,-110,-110,-84,-94,-79,-110,-79,-96,-110,-110
11,1657875880,T18,-82,-65,-110,-110,-84,-94,-79,-110,-79,-96,-110,-110
12,1657875881,T18,-82,-65,-110,-110,-84,-94,-79,-110,-79,-96,-110,-110
13,1657875882,T18,-82,-65,-110,-110,-84,-94,-79,-110,-79,-96,-110,-110
14,1657875883,T18,-82,-65,-110,-110,-84,-94,-79,-110,-79,-96,-110,-110
15,1657875884,T18,-82,-65,-110,-110,-84,-94,-79,-110,-79,-96,-110,-110
16,1657875885,T18,-82,-65,-110,-110,-84,-94,-79,-110,-79,-96,-110,-110
17,1657875886,T18,-82,-65,-110,-110,-84,-94,-79,-110,-79,-96,-110,-110
18,1657875887,T18,-82,-65,-110,-110,-84,-94,-79,-110,-79,-96,-110,-110
