Sl. No,Timestamp,Cell id,AP1,AP2,AP3,AP4,AP5,AP6,AP7,AP8,AP9,AP10,AP11,AP12,AP13,bc:22:28:40:8a:bc,e0:89:9d:ff:04:00,e0:89:9d:ff:04:01,10:62:eb:18:c4:b5,e0:89:9d:ff:04:0e,e0:89:9d:ff:04:0f,a6:0a:f7:eb:d2:bd,c0:5b:02:1d:00:65,36:e3:62:9c:0a:38,da:cc:e0:68:09:8c,90:8d:78:5d:7c:08,da:81:11:df:26:35
0,1657875076,T1,-65,-75,-84,-89,-110,-110,-110,-110,-110,-110,-110,-110,-110,-110,-110,-110,-110,-110,-110,-110,-110,-110,-110,-110,-110
1,1657875077,T1,-65,-75,-84,-89,-110,-110,-110,-110,-110,-110,-110,-110,-110,-110,-110,-110,-110,-110,-110,-110,-110,-110,-110,-110,-110
2,1657875078,T1,-65,-75,-84,-89,-110,-110,-110,-110,-110,-110,-110,-110,-110,-110,-110,-110,-110,-110,-110,-110,-110,-110,-110,-110,-110
3,1657875079,T1,-65,-75,-84,-89,-110,-110,-110,-110,-110,-110,-110,-110,-110,-110,-110,-110,-110,-110,-110,-110,-110,-110,-110,-110,-110
4,1657875080,T1,-65,-75,-84,-89,-110,-110,-110,-110,-110,-110,-110,-110,-110,-110,-110,-110,-110,-110,-110,-110,-110,-110,-110,-110,-110
5,1657875081,T1,-65,-75,-84,-89,-110,-110,-110,-110,-110,-110,-110,-110,-110,-110,-110,-110,-110,-110,-110,-110,-110,-110,-110,-110,-110
6,1657875082,T1,-65,-75,-84,-89,-110,-110,-110,-110,-110,-110,-110,-110,-110,-110,-110,-110,-110,-110,-110,-110,-110,-110,-110,-110,-110
7,1657875083,T1,-65,-75,-84,-89,-110,-110,-110,-110,-110,-110,-110,-110,-110,-110,-110,-110,-110,-110,-110,-110,-110,-110,-110,-110,-110
8,1657875084,T1,-65,-75,-84,-89,-110,-110,-110,-110,-110,-110,-110,-110,-110,-110,-110,-110,-110,-110,-110,-110,-110,-110,-110,-110,-110
9,1657875085,T1,-65,-75,-84,-89,-110,-110,-110,-110,-110,-110,-110,-110,-110,-110,-110,-110,-110,-110,-110,-110,-110,-110,-110,-110,-110
10,1657875086,T1,-65,-75,-84,-89,-110,-110,-110,-110,-110,-110,-110,-110,-110,-110,-110,-110,-110,-110,-110,-110,-110,-110,-110,-110,-110
11,1657875087,T1,-65,-75,-84,-89,-110,-110,-110,-110,-110,-110,-110,-110,-110,-110,-110,-110,-110,-110,-110,-110,-110,-110,-110,-110,-110
12,1657875111,T1,-65,-75,-84,-89,-110,-110,-110,-110,-110,-110,-110,-110,-110,-110,-110,-110,-110,-110,-110,-110,-110,-110,-110,-110,-110
13,1657875112,T1,-65,-75,-84,-89,-110,-110,-110,-110,-110,-110,-110,-110,-110,-110,-110,-110,-110,-110,-110,-110,-110,-110,-110,-110,-110
14,1657875113,T1,-70,-110,-110,-75,-86,-110,-110,-110,-110,-110,-110,-110,-110,-110,-110,-110,-110,-110,-110,-110,-110,-110,-110,-110,-110
15,1657875114,T1,-70,-110,-110,-75,-86,-110,-110,-110,-110,-110,-110,-110,-110,-110,-110,-110,-110,-110,-110,-110,-110,-110,-110,-110,-110
16,1657875115,T1,-61,-110,-110,-78,-90,-81,-110,-110,-110,-110,-110,-110,-110,-110,-110,-110,-110,-110,-110,-110,-110,-110,-110,-110,-110
17,1657875116,T1,-61,-110,-110,-78,-90,-81,-110,-110,-110,-110,-110,-110,-110,-110,-110,-110,-110,-110,-110,-110,-110,-110,-110,-110,-110
18,1657875117,T1,-61,-110,-110,-78,-90,-81,-110,-110,-110,-110,-110,-110,-110,-110,-110,-110,-110,-110,-110,-110,-110,-110,-110,-110,-110
19,1657875118,T1,-61,-110,-110,-78,-90,-81,-110,-110,-110,-110,-110,-110,-110,-110,-110,-110,-110,-110,-110,-110,-110,-110,-110,-110,-110
20,1657875119,T1,-61,-110,-110,-78,-90,-81,-110,-110,-110,-110,-110,-110,-110,-110,-110,-110,-110,-110,-110,-110,-110,-110,-110,-110,-110
21,1657875120,T1,-61,-110,-110,-78,-90,-81,-110,-110,-110,-110,-110,-110,-110,-110,-110,-110,-110,-110,-110,-110,-110,-110,-110,-110,-110
22,1657875121,T1,-61,-110,-110,-78,-90,-81,-110,-110,-110,-110,-110,-110,-110,-110,-110,-110,-110,-110,-110,-110,-110,-110,-110,-110,-110
23,1657875122,T1,-61,-110,-110,-78,-90,-81,-110,-110,-110,-110,-110,-110,-110,-110,-110,-110,-110,-110,-110,-110,-110,-110,-110,-110,-110
24,1657875123,T1,-61,-110,-110,-78,-90,-81,-110,-110,-110,-110,-110,-110,-110,-110,-110,-110,-110,-110,-110,-110,-110,-110,-110,-110,-110
25,1657875129,T1,-61,-110,-110,-78,-90,-81,-110,-110,-110,-110,-110,-110,-110,-110,-110,-110,-110,-110,-110,-110,-110,-110,-110,-110,-110
26,1657875130,T1,-61,-110,-110,-78,-90,-81,-110,-110,-110,-110,-110,-110,-110,-110,-110,-110,-110,-110,-110,-110,-110,-110,-110,-110,-110
27,1657875131,T1,-61,-110,-110,-78,-90,-81,-110,-110,-110,-110,-110,-110,-110,-110,-110,-110,-110,-110,-110,-110,-110,-110,-110,-110,-110
28,1657875132,T1,-61,-110,-110,-78,-90,-81,-110,-110,-110,-110,-110,-110,-110,-110,-110,-110,-110,-110,-110,-110,-110,-110,-110,-110,-110
29,1657875133,T1,-61,-110,-110,-78,-90,-81,-110,-110,-110,-110,-110,-110,-110,-110,-110,-110,-110,-110,-110,-110,-110,-110,-110,-110,-110
30,1657875134,T1,-61,-110,-110,-78,-90,-81,-110,-110,-110,-110,-110,-110,-110,-110,-110,-110,-110,-110,-110,-110,-110,-110,-110,-110,-110
31,1657875135,T1,-61,-110,-110,-78,-90,-81,-110,-110,-110,-110,-110,-110,-110,-110,-110,-110,-110,-110,-110,-110,-110,-110,-110,-110,-110
32,1657875136,T1,-61,-110,-110,-78,-90,-81,-110,-110,-110,-110,-110,-110,-110,-110,-110,-110,-110,-110,-110,-110,-110,-110,-110,-110,-110
33,1657875137,T1,-61,-110,-110,-78,-90,-81,-110,-110,-110,-110,-110,-110,-110,-110,-110,-110,-110,-110,-110,-110,-110,-110,-110,-110,-110
34,1657875138,T1,-61,-110,-110,-78,-90,-81,-110,-110,-110,-110,-110,-110,-110,-110,-110,-110,-110,-110,-110,-110,-110,-110,-110,-110,-110
35,1657875139,T1,-61,-110,-110,-78,-90,-81,-110,-110,-110,-110,-110,-110,-110,-110,-110,-110,-110,-110,-110,-110,-110,-110,-110,-110,-110
36,1657875140,T1,-61,-110,-110,-78,-90,-81,-110,-110,-110,-110,-110,-110,-110,-110,-110,-110,-110,-110,-110,-110,-110,-110,-110,-110,-110
37,1657875141,T1,-61,-110,-110,-78,-90,-81,-110,-110,-110,-110,-110,-110,-110,-110,-110,-110,-110,-110,-110,-110,-110,-110,-110,-110,-110
38,1657875142,T1,-61,-110,-110,-78,-90,-81,-110,-110,-110,-110,-110,-110,-110,-110,-110,-110,-110,-110,-110,-110,-110,-110,-110,-110,-110
39,1657875158,T1,-61,-110,-110,-78,-90,-81,-110,-110,-110,-110,-110,-110,-110,-110,-110,-110,-110,-110,-110,-110,-110,-110,-110,-110,-110
40,1657875159,T1,-61,-110,-110,-78,-90,-81,-110,-110,-110,-110,-110,-110,-110,-110,-110,-110,-110,-110,-110,-110,-110,-110,-110,-110,-110
41,1657875160,T1,-61,-110,-110,-78,-90,-81,-110,-110,-110,-110,-110,-110,-110,-110,-110,-110,-110,-110,-110,-110,-110,-110,-110,-110,-110
42,1657875161,T1,-61,-110,-110,-78,-90,-81,-110,-110,-110,-110,-110,-110,-110,-110,-110,-110,-110,-110,-110,-110,-110,-110,-110,-110,-110
43,1657875162,T1,-61,-110,-110,-78,-90,-81,-110,-110,-110,-110,-110,-110,-110,-110,-110,-110,-110,-110,-110,-110,-110,-110,-110,-110,-110
44,1657875163,T1,-61,-110,-110,-78,-90,-81,-110,-110,-110,-110,-110,-110,-110,-110,-110,-110,-110,-110,-110,-110,-110,-110,-110,-110,-110
45,1657875176,T1,-73,-110,-80,-70,-110,-110,-90,-110,-110,-110,-110,-110,-110,-110,-110,-110,-110,-110,-110,-110,-110,-110,-110,-110,-110
46,1657875177,T1,-73,-110,-80,-70,-110,-110,-90,-110,-110,-110,-110,-110,-110,-110,-110,-110,-110,-110,-110,-110,-110,-110,-110,-110,-110
47,1657875284,T1,-62,-110,-78,-75,-110,-110,-110,-77,-88,-110,-110,-110,-110,-110,-110,-110,-110,-110,-110,-110,-110,-110,-110,-110,-110
48,1657875285,T1,-62,-110,-78,-75,-110,-110,-110,-77,-88,-110,-110,-110,-110,-110,-110,-110,-110,-110,-110,-110,-110,-110,-110,-110,-110
49,1657875286,T1,-69,-110,-110,-74,-110,-110,-110,-110,-110,-110,-110,-110,-110,-110,-110,-110,-110,-110,-110,-110,-110,-110,-110,-110,-110
50,1657875287,T1,-69,-110,-110,-74,-110,-110,-110,-110,-110,-110,-110,-110,-110,-110,-110,-110,-110,-110,-110,-110,-110,-110,-110,-110,-110
51,1657875288,T1,-69,-110,-110,-74,-110,-110,-110,-110,-110,-110,-110,-110,-110,-110,-110,-110,-110,-110,-110,-110,-110,-110,-110,-110,-110
52,1657875289,T1,-69,-110,-110,-74,-110,-110,-110,-110,-110,-110,-110,-110,-110,-110,-110,-110,-110,-110,-110,-110,-110,-110,-110,-110,-110
53,1657875290,T1,-60,-110,-75,-74,-110,-76,-110,-76,-110,-110,-110,-110,-110,-110,-110,-110,-110,-110,-110,-110,-110,-110,-110,-110,-110
54,1657875291,T1,-60,-110,-75,-74,-110,-76,-110,-76,-110,-110,-110,-110,-110,-110,-110,-110,-110,-110,-110,-110,-110,-110,-110,-110,-110
55,1657875292,T1,-60,-110,-75,-74,-110,-76,-110,-76,-110,-110,-110,-110,-110,-110,-110,-110,-110,-110,-110,-110,-110,-110,-110,-110,-110
56,1657875293,T1,-60,-110,-75,-74,-110,-76,-110,-76,-110,-110,-110,-110,-110,-110,-110,-110,-110,-110,-110,-110,-110,-110,-110,-110,-110
57,1657875294,T1,-60,-110,-75,-74,-110,-76,-110,-76,-110,-110,-110,-110,-110,-110,-110,-110,-110,-110,-110,-110,-110,-110,-110,-110,-110
58,1657875295,T1,-60,-110,-75,-74,-110,-76,-110,-76,-110,-110,-110,-110,-110,-110,-110,-110,-110,-110,-110,-110,-110,-110,-110,-110,-110
59,1657875296,T1,-60,-110,-75,-74,-110,-76,-110,-76,-110,-110,-110,-110,-110,-110,-110,-110,-110,-110,-110,-110,-110,-110,-110,-110,-110
60,1657875297,T1,-60,-110,-75,-74,-110,-76,-110,-76,-110,-110,-110,-110,-110,-110,-110,-110,-110,-110,-110,-110,-110,-110,-110,-110,-110
61,1657875298,T1,-60,-110,-75,-74,-110,-76,-110,-76,-110,-110,-110,-110,-110,-110,-110,-110,-110,-110,-110,-110,-110,-110,-110,-110,-110
62,1657875299,T1,-67,-110,-82,-68,-88,-110,-110,-110,-110,-110,-110,-110,-110,-110,-110,-110,-110,-110,-110,-110,-110,-110,-110,-110,-110
63,1657875300,T1,-67,-110,-82,-68,-88,-110,-110,-110,-110,-110,-110,-110,-110,-110,-110,-110,-110,-110,-110,-110,-110,-110,-110,-110,-110
64,1657875301,T1,-67,-110,-82,-68,-88,-110,-110,-110,-110,-110,-110,-110,-110,-110,-110,-110,-110,-110,-110,-110,-110,-110,-110,-110,-110
65,1657875302,T1,-67,-110,-82,-68,-88,-110,-110,-110,-110,-110,-110,-110,-110,-110,-110,-110,-110,-110,-110,-110,-110,-110,-110,-110,-110
0,1657875330,T2,-66,-110,-85,-78,-85,-110,-110,-110,-110,-110,-110,-110,-110,-110,-110,-110,-110,-110,-110,-110,-110,-110,-110,-110,-110
1,1657875331,T2,-66,-110,-85,-78,-85,-110,-110,-110,-110,-110,-110,-110,-110,-110,-110,-110,-110,-110,-110,-110,-110,-110,-110,-110,-110
2,1657875332,T2,-66,-110,-85,-78,-85,-110,-110,-110,-110,-110,-110,-110,-110,-110,-110,-110,-110,-110,-110,-110,-110,-110,-110,-110,-110
3,1657875333,T2,-66,-110,-85,-78,-85,-110,-110,-110,-110,-110,-110,-110,-110,-110,-110,-110,-110,-110,-110,-110,-110,-110,-110,-110,-110
4,1657875334,T2,-66,-110,-85,-78,-85,-110,-110,-110,-110,-110,-110,-110,-110,-110,-110,-110,-110,-110,-110,-110,-110,-110,-110,-110,-110
5,1657875335,T2,-66,-110,-85,-78,-85,-110,-110,-110,-110,-110,-110,-110,-110,-110,-110,-110,-110,-110,-110,-110,-110,-110,-110,-110,-110
6,1657875336,T2,-66,-110,-85,-78,-85,-110,-110,-110,-110,-110,-110,-110,-110,-110,-110,-110,-110,-110,-110,-110,-110,-110,-110,-110,-110
7,1657875337,T2,-66,-110,-85,-78,-85,-110,-110,-110,-110,-110,-110,-110,-110,-110,-110,-110,-110,-110,-110,-110,-110,-110,-110,-110,-110
8,1657875338,T2,-66,-110,-85,-78,-85,-110,-110,-110,-110,-110,-110,-110,-110,-110,-110,-110,-110,-110,-110,-110,-110,-110,-110,-110,-110
9,1657875339,T2,-66,-110,-85,-78,-85,-110,-110,-110,-110,-110,-110,-110,-110,-110,-110,-110,-110,-110,-110,-110,-110,-110,-110,-110,-110
10,1657875340,T2,-66,-110,-85,-78,-85,-110,-110,-110,-110,-110,-110,-110,-110,-110,-110,-110,-110,-110,-110,-110,-110,-110,-110,-110,-110
11,1657875341,T2,-66,-110,-85,-78,-85,-110,-110,-110,-110,-110,-110,-110,-110,-110,-110,-110,-110,-110,-110,-110,-110,-110,-110,-110,-110
12,1657875342,T2,-66,-110,-85,-78,-85,-110,-110,-110,-110,-110,-110,-110,-110,-110,-110,-110,-110,-110,-110,-110,-110,-110,-110,-110,-110
13,1657875343,T2,-66,-110,-85,-78,-85,-110,-110,-110,-110,-110,-110,-110,-110,-110,-110,-110,-110,-110,-110,-110,-110,-110,-110,-110,-110
14,1657875344,T2,-66,-110,-85,-78,-85,-110,-110,-110,-110,-110,-110,-110,-110,-110,-110,-110,-110,-110,-110,-110,-110,-110,-110,-110,-110
15,1657875367,T2,-62,-110,-110,-75,-110,-110,-110,-110,-110,-76,-89,-110,-110,-110,-110,-110,-110,-110,-110,-110,-110,-110,-110,-110,-110
16,1657875368,T2,-62,-110,-110,-75,-110,-110,-110,-110,-110,-76,-89,-110,-110,-110,-110,-110,-110,-110,-110,-110,-110,-110,-110,-110,-110
17,1657875369,T2,-69,-110,-84,-76,-110,-110,-110,-110,-110,-65,-110,-110,-110,-110,-110,-110,-110,-110,-110,-110,-110,-110,-110,-110,-110
18,1657875370,T2,-69,-110,-84,-76,-110,-110,-110,-110,-110,-65,-110,-110,-110,-110,-110,-110,-110,-110,-110,-110,-110,-110,-110,-110,-110
19,1657875371,T2,-69,-110,-84,-76,-110,-110,-110,-110,-110,-65,-110,-110,-110,-110,-110,-110,-110,-110,-110,-110,-110,-110,-110,-110,-110
20,1657875372,T2,-69,-110,-84,-76,-110,-110,-110,-110,-110,-65,-110,-110,-110,-110,-110,-110,-110,-110,-110,-110,-110,-110,-110,-110,-110
21,1657875373,T2,-69,-110,-84,-76,-110,-110,-110,-110,-110,-65,-110,-110,-110,-110,-110,-110,-110,-110,-110,-110,-110,-110,-110,-110,-110
22,1657875374,T2,-69,-110,-84,-76,-110,-110,-110,-110,-110,-65,-110,-110,-110,-110,-110,-110,-110,-110,-110,-110,-110,-110,-110,-110,-110
23,1657875375,T2,-69,-110,-84,-76,-110,-110,-110,-110,-110,-65,-110,-110,-110,-110,-110,-110,-110,-110,-110,-110,-110,-110,-110,-110,-110
24,1657875376,T2,-69,-110,-84,-76,-110,-110,-110,-110,-110,-65,-110,-110,-110,-110,-110,-110,-110,-110,-110,-110,-110,-110,-110,-110,-110
25,1657875377,T2,-69,-110,-84,-76,-110,-110,-110,-110,-110,-65,-110,-110,-110,-110,-110,-110,-110,-110,-110,-110,-110,-110,-110,-110,-110
26,1657875378,T2,-69,-110,-84,-76,-110,-110,-110,-110,-110,-65,-110,-110,-110,-110,-110,-110,-110,-110,-110,-110,-110,-110,-110,-110,-110
27,1657875379,T2,-69,-110,-84,-76,-110,-110,-110,-110,-110,-65,-110,-110,-110,-110,-110,-110,-110,-110,-110,-110,-110,-110,-110,-110,-110
28,1657875380,T2,-69,-110,-84,-76,-110,-110,-110,-110,-110,-65,-110,-110,-110,-110,-110,-110,-110,-110,-110,-110,-110,-110,-110,-110,-110
29,1657875381,T2,-69,-110,-84,-76,-110,-110,-110,-110,-110,-65,-110,-110,-110,-110,-110,-110,-110,-110,-110,-110,-110,-110,-110,-110,-110
30,1657875382,T2,-69,-110,-84,-76,-110,-110,-110,-110,-110,-65,-110,-110,-110,-110,-110,-110,-110,-110,-110,-110,-110,-110,-110,-110,-110
31,1657875383,T2,-69,-110,-84,-76,-110,-110,-110,-110,-110,-65,-110,-110,-110,-110,-110,-110,-110,-110,-110,-110,-110,-110,-110,-110,-110
32,1657875384,T2,-69,-110,-84,-76,-110,-110,-110,-110,-110,-65,-110,-110,-110,-110,-110,-110,-110,-110,-110,-110,-110,-110,-110,-110,-110
0,1657875428,T3,-69,-110,-110,-110,-85,-110,-90,-110,-110,-110,-110,-110,-110,-110,-110,-110,-110,-110,-110,-110,-110,-110,-110,-110,-110
1,1657875429,T3,-69,-110,-110,-110,-85,-110,-90,-110,-110,-110,-110,-110,-110,-110,-110,-110,-110,-110,-110,-110,-110,-110,-110,-110,-110
2,1657875430,T3,-71,-110,-110,-110,-110,-80,-110,-110,-110,-110,-110,-110,-110,-110,-110,-110,-110,-110,-110,-110,-110,-110,-110,-110,-110
3,1657875431,T3,-71,-110,-110,-110,-110,-80,-110,-110,-110,-110,-110,-110,-110,-110,-110,-110,-110,-110,-110,-110,-110,-110,-110,-110,-110
4,1657875437,T3,-68,-76,-110,-76,-110,-110,-110,-110,-110,-110,-110,-110,-110,-110,-110,-110,-110,-110,-110,-110,-110,-110,-110,-110,-110
5,1657875438,T3,-68,-76,-110,-76,-110,-110,-110,-110,-110,-110,-110,-110,-110,-110,-110,-110,-110,-110,-110,-110,-110,-110,-110,-110,-110
6,1657875439,T3,-68,-76,-110,-76,-110,-110,-110,-110,-110,-110,-110,-110,-110,-110,-110,-110,-110,-110,-110,-110,-110,-110,-110,-110,-110
7,1657875440,T3,-68,-76,-110,-76,-110,-110,-110,-110,-110,-110,-110,-110,-110,-110,-110,-110,-110,-110,-110,-110,-110,-110,-110,-110,-110
8,1657875441,T3,-68,-76,-110,-76,-110,-110,-110,-110,-110,-110,-110,-110,-110,-110,-110,-110,-110,-110,-110,-110,-110,-110,-110,-110,-110
9,1657875442,T3,-68,-76,-110,-76,-110,-110,-110,-110,-110,-110,-110,-110,-110,-110,-110,-110,-110,-110,-110,-110,-110,-110,-110,-110,-110
10,1657875443,T3,-68,-76,-110,-76,-110,-110,-110,-110,-110,-110,-110,-110,-110,-110,-110,-110,-110,-110,-110,-110,-110,-110,-110,-110,-110
0,1657875544,T4,-71,-80,-110,-74,-89,-82,-85,-110,-110,-110,-110,-110,-110,-110,-110,-110,-110,-110,-110,-110,-110,-110,-110,-110,-110
1,1657875545,T4,-71,-80,-110,-74,-89,-82,-85,-110,-110,-110,-110,-110,-110,-110,-110,-110,-110,-110,-110,-110,-110,-110,-110,-110,-110
2,1657875546,T4,-71,-80,-110,-74,-89,-82,-85,-110,-110,-110,-110,-110,-110,-110,-110,-110,-110,-110,-110,-110,-110,-110,-110,-110,-110
3,1657875547,T4,-71,-80,-110,-74,-89,-82,-85,-110,-110,-110,-110,-110,-110,-110,-110,-110,-110,-110,-110,-110,-110,-110,-110,-110,-110
4,1657875548,T4,-71,-80,-110,-74,-89,-82,-85,-110,-110,-110,-110,-110,-110,-110,-110,-110,-110,-110,-110,-110,-110,-110,-110,-110,-110
5,1657875549,T4,-71,-80,-110,-74,-89,-82,-85,-110,-110,-110,-110,-110,-110,-110,-110,-110,-110,-110,-110,-110,-110,-110,-110,-110,-110
6,1657875550,T4,-69,-82,-110,-83,-86,-110,-110,-110,-110,-110,-110,-86,-110,-110,-110,-110,-110,-110,-110,-110,-110,-110,-110,-110,-110
7,1657875551,T4,-69,-82,-110,-83,-86,-110,-110,-110,-110,-110,-110,-86,-110,-110,-110,-110,-110,-110,-110,-110,-110,-110,-110,-110,-110
8,1657875552,T4,-68,-74,-84,-79,-110,-110,-93,-110,-110,-110,-110,-110,-110,-110,-110,-110,-110,-110,-110,-110,-110,-110,-110,-110,-110
9,1657875553,T4,-68,-74,-84,-79,-110,-110,-93,-110,-110,-110,-110,-110,-110,-110,-110,-110,-110,-110,-110,-110,-110,-110,-110,-110,-110
0,1657875604,T5,-62,-81,-110,-73,-86,-83,-110,-110,-110,-110,-110,-110,-110,-110,-110,-110,-110,-110,-110,-110,-110,-110,-110,-110,-110
1,1657875605,T5,-62,-81,-110,-73,-86,-83,-110,-110,-110,-110,-110,-110,-110,-110,-110,-110,-110,-110,-110,-110,-110,-110,-110,-110,-110
2,1657875606,T5,-62,-81,-110,-73,-86,-83,-110,-110,-110,-110,-110,-110,-110,-110,-110,-110,-110,-110,-110,-110,-110,-110,-110,-110,-110
3,1657875607,T5,-62,-81,-110,-73,-86,-83,-110,-110,-110,-110,-110,-110,-110,-110,-110,-110,-110,-110,-110,-110,-110,-110,-110,-110,-110
4,1657875608,T5,-62,-81,-110,-73,-86,-83,-110,-110,-110,-110,-110,-110,-110,-110,-110,-110,-110,-110,-110,-110,-110,-110,-110,-110,-110
5,1657875609,T5,-62,-81,-110,-73,-86,-83,-110,-110,-110,-110,-110,-110,-110,-110,-110,-110,-110,-110,-110,-110,-110,-110,-110,-110,-110
6,1657875610,T5,-62,-81,-110,-73,-86,-83,-110,-110,-110,-110,-110,-110,-110,-110,-110,-110,-110,-110,-110,-110,-110,-110,-110,-110,-110
7,1657875611,T5,-62,-81,-110,-73,-86,-83,-110,-110,-110,-110,-110,-110,-110,-110,-110,-110,-110,-110,-110,-110,-110,-110,-110,-110,-110
8,1657875612,T5,-62,-81,-110,-73,-86,-83,-110,-110,-110,-110,-110,-110,-110,-110,-110,-110,-110,-110,-110,-110,-110,-110,-110,-110,-110
9,1657875613,T5,-62,-81,-110,-73,-86,-83,-110,-110,-110,-110,-110,-110,-110,-110,-110,-110,-110,-110,-110,-110,-110,-110,-110,-110,-110
0,1657875635,T6,-59,-77,-110,-72,-110,-88,-110,-110,-110,-110,-110,-110,-110,-110,-110,-110,-110,-110,-110,-110,-110,-110,-110,-110,-110
1,1657875636,T6,-59,-77,-110,-72,-110,-88,-110,-110,-110,-110,-110,-110,-110,-110,-110,-110,-110,-110,-110,-110,-110,-110,-110,-110,-110
2,1657875637,T6,-59,-77,-110,-72,-110,-88,-110,-110,-110,-110,-110,-110,-110,-110,-110,-110,-110,-110,-110,-110,-110,-110,-110,-110,-110
3,1657875638,T6,-59,-77,-110,-72,-110,-88,-110,-110,-110,-110,-110,-110,-110,-110,-110,-110,-110,-110,-110,-110,-110,-110,-110,-110,-110
4,1657875639,T6,-59,-77,-110,-72,-110,-88,-110,-110,-110,-110,-110,-110,-110,-110,-110,-110,-110,-110,-110,-110,-110,-110,-110,-110,-110
5,1657875640,T6,-59,-77,-110,-72,-110,-88,-110,-110,-110,-110,-110,-110,-110,-110,-110,-110,-110,-110,-110,-110,-110,-110,-110,-110,-110
6,1657875641,T6,-59,-77,-110,-72,-110,-88,-110,-110,-110,-110,-110,-110,-110,-110,-110,-110,-110,-110,-110,-110,-110,-110,-110,-110,-110
7,1657875642,T6,-63,-79,-110,-66,-110,-79,-110,-78,-110,-110,-90,-110,-110,-110,-110,-110,-110,-110,-110,-110,-110,-110,-110,-110,-110
8,1657875643,T6,-63,-79,-110,-66,-110,-79,-110,-78,-110,-110,-90,-110,-110,-110,-110,-110,-110,-110,-110,-110,-110,-110,-110,-110,-110
9,1657875644,T6,-63,-79,-110,-66,-110,-79,-110,-78,-110,-110,-90,-110,-110,-110,-110,-110,-110,-110,-110,-110,-110,-110,-110,-110,-110
0,1657875660,T7,-63,-79,-110,-66,-110,-79,-110,-78,-110,-110,-90,-110,-110,-110,-110,-110,-110,-110,-110,-110,-110,-110,-110,-110,-110
1,1657875661,T7,-63,-79,-110,-66,-110,-79,-110,-78,-110,-110,-90,-110,-110,-110,-110,-110,-110,-110,-110,-110,-110,-110,-110,-110,-110
2,1657875662,T7,-61,-110,-76,-72,-86,-76,-110,-110,-90,-110,-110,-110,-110,-110,-110,-110,-110,-110,-110,-110,-110,-110,-110,-110,-110
3,1657875663,T7,-61,-110,-76,-72,-86,-76,-110,-110,-90,-110,-110,-110,-110,-110,-110,-110,-110,-110,-110,-110,-110,-110,-110,-110,-110
4,1657875664,T7,-61,-110,-76,-72,-86,-76,-110,-110,-90,-110,-110,-110,-110,-110,-110,-110,-110,-110,-110,-110,-110,-110,-110,-110,-110
5,1657875665,T7,-61,-110,-76,-72,-86,-76,-110,-110,-90,-110,-110,-110,-110,-110,-110,-110,-110,-110,-110,-110,-110,-110,-110,-110,-110
6,1657875666,T7,-61,-110,-76,-72,-86,-76,-110,-110,-90,-110,-110,-110,-110,-110,-110,-110,-110,-110,-110,-110,-110,-110,-110,-110,-110
7,1657875667,T7,-61,-110,-76,-72,-86,-76,-110,-110,-90,-110,-110,-110,-110,-110,-110,-110,-110,-110,-110,-110,-110,-110,-110,-110,-110
0,1657875686,T8,-69,-110,-110,-110,-110,-77,-110,-110,-110,-110,-110,-83,-110,-110,-110,-110,-110,-110,-110,-110,-110,-110,-110,-110,-110
1,1657875687,T8,-69,-110,-110,-110,-110,-77,-110,-110,-110,-110,-110,-83,-110,-110,-110,-110,-110,-110,-110,-110,-110,-110,-110,-110,-110
2,1657875688,T8,-60,-110,-110,-77,-110,-77,-110,-110,-110,-110,-90,-110,-110,-110,-110,-110,-110,-110,-110,-110,-110,-110,-110,-110,-110
3,1657875689,T8,-60,-110,-110,-77,-110,-77,-110,-110,-110,-110,-90,-110,-110,-110,-110,-110,-110,-110,-110,-110,-110,-110,-110,-110,-110
4,1657875690,T8,-63,-110,-80,-82,-110,-110,-110,-110,-110,-110,-110,-110,-110,-110,-110,-110,-110,-110,-110,-110,-110,-110,-110,-110,-110
5,1657875691,T8,-63,-110,-80,-82,-110,-110,-110,-110,-110,-110,-110,-110,-110,-110,-110,-110,-110,-110,-110,-110,-110,-110,-110,-110,-110
6,1657875692,T8,-63,-110,-80,-82,-110,-110,-110,-110,-110,-110,-110,-110,-110,-110,-110,-110,-110,-110,-110,-110,-110,-110,-110,-110,-110
7,1657875693,T8,-63,-110,-80,-82,-110,-110,-110,-110,-110,-110,-110,-110,-110,-110,-110,-110,-110,-110,-110,-110,-110,-110,-110,-110,-110
8,1657875694,T8,-63,-110,-80,-82,-110,-110,-110,-110,-110,-110,-110,-110,-110,-110,-110,-110,-110,-110,-110,-110,-110,-110,-110,-110,-110
9,1657875695,T8,-63,-110,-80,-82,-110,-110,-110,-110,-110,-110,-110,-110,-110,-110,-110,-110,-110,-110,-110,-110,-110,-110,-110,-110,-110
10,1657875696,T8,-63,-110,-80,-82,-110,-110,-110,-110,-110,-110,-110,-110,-110,-110,-110,-110,-110,-110,-110,-110,-110,-110,-110,-110,-110
11,1657875697,T8,-63,-110,-80,-82,-110,-110,-110,-110,-110,-110,-110,-110,-110,-110,-110,-110,-110,-110,-110,-110,-110,-110,-110,-110,-110
12,1657875698,T8,-63,-110,-80,-82,-110,-110,-110,-110,-110,-110,-110,-110,-110,-110,-110,-110,-110,-110,-110,-110,-110,-110,-110,-110,-110
13,1657875699,T8,-63,-110,-80,-82,-110,-110,-110,-110,-110,-110,-110,-110,-110,-110,-110,-110,-110,-110,-110,-110,-110,-110,-110,-110,-110
14,1657875700,T8,-63,-110,-80,-82,-110,-110,-110,-110,-110,-110,-110,-110,-110,-110,-110,-110,-110,-110,-110,-110,-110,-110,-110,-110,-110
15,1657875701,T8,-63,-110,-80,-82,-110,-110,-110,-110,-110,-110,-110,-110,-110,-110,-110,-110,-110,-110,-110,-110,-110,-110,-110,-110,-110
0,1657875723,T9,-61,-110,-83,-73,-110,-110,-110,-110,-110,-110,-89,-87,-110,-110,-110,-110,-110,-110,-110,-110,-110,-110,-110,-110,-110
1,1657875724,T9,-61,-110,-83,-73,-110,-110,-110,-110,-110,-110,-89,-87,-110,-110,-110,-110,-110,-110,-110,-110,-110,-110,-110,-110,-110
2,1657875725,T9,-61,-110,-83,-73,-110,-110,-110,-110,-110,-110,-89,-87,-110,-110,-110,-110,-110,-110,-110,-110,-110,-110,-110,-110,-110
3,1657875726,T9,-61,-110,-83,-73,-110,-110,-110,-110,-110,-110,-89,-87,-110,-110,-110,-110,-110,-110,-110,-110,-110,-110,-110,-110,-110
4,1657875727,T9,-61,-110,-83,-73,-110,-110,-110,-110,-110,-110,-89,-87,-110,-110,-110,-110,-110,-110,-110,-110,-110,-110,-110,-110,-110
5,1657875728,T9,-61,-110,-83,-73,-110,-110,-110,-110,-110,-110,-89,-87,-110,-110,-110,-110,-110,-110,-110,-110,-110,-110,-110,-110,-110
6,1657875729,T9,-61,-110,-83,-73,-110,-110,-110,-110,-110,-110,-89,-87,-110,-110,-110,-110,-110,-110,-110,-110,-110,-110,-110,-110,-110
7,1657875730,T9,-61,-110,-83,-73,-110,-110,-110,-110,-110,-110,-89,-87,-110,-110,-110,-110,-110,-110,-110,-110,-110,-110,-110,-110,-110
8,1657875731,T9,-67,-74,-110,-77,-86,-81,-110,-110,-110,-110,-110,-110,-110,-110,-110,-110,-110,-110,-110,-110,-110,-110,-110,-110,-110
9,1657875732,T9,-67,-74,-110,-77,-86,-81,-110,-110,-110,-110,-110,-110,-110,-110,-110,-110,-110,-110,-110,-110,-110,-110,-110,-110,-110
0,1657875761,T10,-65,-78,-110,-79,-110,-84,-110,-110,-87,-110,-110,-86,-110,-110,-110,-110,-110,-110,-110,-110,-110,-110,-110,-110,-110
1,1657875762,T10,-65,-78,-110,-79,-110,-84,-110,-110,-87,-110,-110,-86,-110,-110,-110,-110,-110,-110,-110,-110,-110,-110,-110,-110,-110
2,1657875763,T10,-65,-78,-110,-79,-110,-84,-110,-110,-87,-110,-110,-86,-110,-110,-110,-110,-110,-110,-110,-110,-110,-110,-110,-110,-110
3,1657875764,T10,-65,-78,-110,-79,-110,-84,-110,-110,-87,-110,-110,-86,-110,-110,-110,-110,-110,-110,-110,-110,-110,-110,-110,-110,-110
4,1657875765,T10,-65,-78,-110,-79,-110,-84,-110,-110,-87,-110,-110,-86,-110,-110,-110,-110,-110,-110,-110,-110,-110,-110,-110,-110,-110
5,1657875766,T10,-65,-78,-110,-79,-110,-84,-110,-110,-87,-110,-110,-86,-110,-110,-110,-110,-110,-110,-110,-110,-110,-110,-110,-110,-110
6,1657875767,T10,-65,-78,-110,-79,-110,-84,-110,-110,-87,-110,-110,-86,-110,-110,-110,-110,-110,-110,-110,-110,-110,-110,-110,-110,-110
7,1657875768,T10,-65,-78,-110,-79,-110,-84,-110,-110,-87,-110,-110,-86,-110,-110,-110,-110,-110,-110,-110,-110,-110,-110,-110,-110,-110
8,1657875769,T10,-65,-78,-110,-79,-110,-84,-110,-110,-87,-110,-110,-86,-110,-110,-110,-110,-110,-110,-110,-110,-110,-110,-110,-110,-110
9,1657875770,T10,-65,-78,-110,-79,-110,-84,-110,-110,-87,-110,-110,-86,-110,-110,-110,-110,-110,-110,-110,-110,-110,-110,-110,-110,-110
10,1657875771,T10,-65,-78,-110,-79,-110,-84,-110,-110,-87,-110,-110,-86,-110,-110,-110,-110,-110,-110,-110,-110,-110,-110,-110,-110,-110
11,1657875772,T10,-65,-78,-110,-79,-110,-84,-110,-110,-87,-110,-110,-86,-110,-110,-110,-110,-110,-110,-110,-110,-110,-110,-110,-110,-110
0,1657875806,T11,-59,-110,-79,-110,-86,-110,-110,-73,-88,-110,-110,-83,-110,-110,-110,-110,-110,-110,-110,-110,-110,-110,-110,-110,-110
1,1657875807,T11,-59,-110,-79,-110,-86,-110,-110,-73,-88,-110,-110,-83,-110,-110,-110,-110,-110,-110,-110,-110,-110,-110,-110,-110,-110
2,1657875808,T11,-74,-110,-77,-82,-110,-77,-110,-76,-87,-110,-90,-110,-110,-110,-110,-110,-110,-110,-110,-110,-110,-110,-110,-110,-110
3,1657875809,T11,-74,-110,-77,-82,-110,-77,-110,-76,-87,-110,-90,-110,-110,-110,-110,-110,-110,-110,-110,-110,-110,-110,-110,-110,-110
4,1657875810,T11,-65,-78,-75,-78,-85,-74,-110,-110,-110,-110,-110,-110,-110,-110,-110,-110,-110,-110,-110,-110,-110,-110,-110,-110,-110
5,1657875811,T11,-65,-78,-75,-78,-85,-74,-110,-110,-110,-110,-110,-110,-110,-110,-110,-110,-110,-110,-110,-110,-110,-110,-110,-110,-110
6,1657875812,T11,-65,-78,-75,-78,-85,-74,-110,-110,-110,-110,-110,-110,-110,-110,-110,-110,-110,-110,-110,-110,-110,-110,-110,-110,-110
7,1657875813,T11,-65,-78,-75,-78,-85,-74,-110,-110,-110,-110,-110,-110,-110,-110,-110,-110,-110,-110,-110,-110,-110,-110,-110,-110,-110
0,1657875848,T12,-64,-76,-110,-79,-80,-85,-110,-110,-110,-110,-110,-82,-110,-110,-110,-110,-110,-110,-110,-110,-110,-110,-110,-110,-110
1,1657875849,T12,-64,-76,-110,-79,-80,-85,-110,-110,-110,-110,-110,-82,-110,-110,-110,-110,-110,-110,-110,-110,-110,-110,-110,-110,-110
2,1657875850,T12,-64,-76,-110,-79,-80,-85,-110,-110,-110,-110,-110,-82,-110,-110,-110,-110,-110,-110,-110,-110,-110,-110,-110,-110,-110
3,1657875851,T12,-64,-76,-110,-79,-80,-85,-110,-110,-110,-110,-110,-82,-110,-110,-110,-110,-110,-110,-110,-110,-110,-110,-110,-110,-110
4,1657875852,T12,-62,-110,-81,-65,-110,-110,-110,-79,-110,-110,-110,-87,-110,-110,-110,-110,-110,-110,-110,-110,-110,-110,-110,-110,-110
5,1657875853,T12,-62,-110,-81,-65,-110,-110,-110,-79,-110,-110,-110,-87,-110,-110,-110,-110,-110,-110,-110,-110,-110,-110,-110,-110,-110
6,1657875854,T12,-62,-110,-81,-65,-110,-110,-110,-79,-110,-110,-110,-87,-110,-110,-110,-110,-110,-110,-110,-110,-110,-110,-110,-110,-110
7,1657875855,T12,-62,-110,-81,-65,-110,-110,-110,-79,-110,-110,-110,-87,-110,-110,-110,-110,-110,-110,-110,-110,-110,-110,-110,-110,-110
0,1657875903,T13,-63,-78,-110,-79,-110,-75,-110,-110,-110,-110,-110,-110,-110,-110,-110,-110,-110,-110,-110,-110,-110,-110,-110,-110,-110
1,1657875904,T13,-63,-78,-110,-79,-110,-75,-110,-110,-110,-110,-110,-110,-110,-110,-110,-110,-110,-110,-110,-110,-110,-110,-110,-110,-110
2,1657875905,T13,-63,-78,-110,-79,-110,-75,-110,-110,-110,-110,-110,-110,-110,-110,-110,-110,-110,-110,-110,-110,-110,-110,-110,-110,-110
3,1657875906,T13,-63,-78,-110,-79,-110,-75,-110,-110,-110,-110,-110,-110,-110,-110,-110,-110,-110,-110,-110,-110,-110,-110,-110,-110,-110
4,1657875907,T13,-63,-78,-110,-79,-110,-75,-110,-110,-110,-110,-110,-110,-110,-110,-110,-110,-110,-110,-110,-110,-110,-110,-110,-110,-110
5,1657875908,T13,-63,-78,-110,-79,-110,-75,-110,-110,-110,-110,-110,-110,-110,-110,-110,-110,-110,-110,-110,-110,-110,-110,-110,-110,-110
6,1657875909,T13,-63,-78,-110,-79,-110,-75,-110,-110,-110,-110,-110,-110,-110,-110,-110,-110,-110,-110,-110,-110,-110,-110,-110,-110,-110
7,1657875910,T13,-63,-78,-110,-79,-110,-75,-110,-110,-110,-110,-110,-110,-110,-110,-110,-110,-110,-110,-110,-110,-110,-110,-110,-110,-110
0,1657875929,T14,-110,-110,-73,-74,-88,-74,-89,-110,-110,-110,-110,-110,-110,-110,-110,-110,-110,-110,-110,-110,-110,-110,-110,-110,-110
1,1657875930,T14,-110,-110,-73,-74,-88,-74,-89,-110,-110,-110,-110,-110,-110,-110,-110,-110,-110,-110,-110,-110,-110,-110,-110,-110,-110
2,1657875931,T14,-58,-79,-110,-71,-90,-82,-110,-79,-110,-110,-110,-110,-110,-110,-110,-110,-110,-110,-110,-110,-110,-110,-110,-110,-110
3,1657875932,T14,-58,-79,-110,-71,-90,-82,-110,-79,-110,-110,-110,-110,-110,-110,-110,-110,-110,-110,-110,-110,-110,-110,-110,-110,-110
4,1657875933,T14,-60,-110,-110,-72,-110,-78,-110,-75,-110,-110,-110,-83,-110,-110,-110,-110,-110,-110,-110,-110,-110,-110,-110,-110,-110
5,1657875934,T14,-60,-110,-110,-72,-110,-78,-110,-75,-110,-110,-110,-83,-110,-110,-110,-110,-110,-110,-110,-110,-110,-110,-110,-110,-110
6,1657875935,T14,-60,-110,-110,-72,-110,-78,-110,-75,-110,-110,-110,-83,-110,-110,-110,-110,-110,-110,-110,-110,-110,-110,-110,-110,-110
7,1657875936,T14,-60,-110,-110,-72,-110,-78,-110,-75,-110,-110,-110,-83,-110,-110,-110,-110,-110,-110,-110,-110,-110,-110,-110,-110,-110
8,1657875937,T14,-60,-110,-110,-72,-110,-78,-110,-75,-110,-110,-110,-83,-110,-110,-110,-110,-110,-110,-110,-110,-110,-110,-110,-110,-110
0,1657875962,T15,-58,-110,-76,-74,-85,-110,-110,-110,-110,-110,-110,-82,-110,-110,-110,-110,-110,-110,-110,-110,-110,-110,-110,-110,-110
1,1657875963,T15,-58,-110,-76,-74,-85,-110,-110,-110,-110,-110,-110,-82,-110,-110,-110,-110,-110,-110,-110,-110,-110,-110,-110,-110,-110
2,1657875964,T15,-58,-110,-76,-74,-85,-110,-110,-110,-110,-110,-110,-82,-110,-110,-110,-110,-110,-110,-110,-110,-110,-110,-110,-110,-110
3,1657875965,T15,-58,-110,-76,-74,-85,-110,-110,-110,-110,-110,-110,-82,-110,-110,-110,-110,-110,-110,-110,-110,-110,-110,-110,-110,-110
4,1657875966,T15,-58,-110,-76,-74,-85,-110,-110,-110,-110,-110,-110,-82,-110,-110,-110,-110,-110,-110,-110,-110,-110,-110,-110,-110,-110
5,1657875967,T15,-58,-110,-76,-74,-85,-110,-110,-110,-110,-110,-110,-82,-110,-110,-110,-110,-110,-110,-110,-110,-110,-110,-110,-110,-110
0,1657875993,T16,-63,-78,-110,-75,-89,-83,-88,-110,-110,-110,-110,-80,-110,-110,-110,-110,-110,-110,-110,-110,-110,-110,-110,-110,-110
1,1657875994,T16,-110,-72,-110,-78,-110,-81,-90,-110,-110,-110,-110,-81,-110,-110,-110,-110,-110,-110,-110,-110,-110,-110,-110,-110,-110
2,1657875995,T16,-110,-72,-110,-78,-110,-81,-90,-110,-110,-110,-110,-81,-110,-110,-110,-110,-110,-110,-110,-110,-110,-110,-110,-110,-110
3,1657875996,T16,-110,-72,-110,-78,-110,-81,-90,-110,-110,-110,-110,-81,-110,-110,-110,-110,-110,-110,-110,-110,-110,-110,-110,-110,-110
4,1657875997,T16,-110,-72,-110,-78,-110,-81,-90,-110,-110,-110,-110,-81,-110,-110,-110,-110,-110,-110,-110,-110,-110,-110,-110,-110,-110
5,1657875998,T16,-110,-72,-110,-78,-110,-81,-90,-110,-110,-110,-110,-81,-110,-110,-110,-110,-110,-110,-110,-110,-110,-110,-110,-110,-110
0,1657876034,T17,-61,-110,-82,-110,-110,-110,-110,-73,-86,-110,-110,-110,-110,-110,-110,-110,-110,-110,-110,-110,-110,-110,-110,-110,-110
1,1657876035,T17,-61,-110,-82,-110,-110,-110,-110,-73,-86,-110,-110,-110,-110,-110,-110,-110,-110,-110,-110,-110,-110,-110,-110,-110,-110
2,1657876036,T17,-61,-110,-82,-110,-110,-110,-110,-73,-86,-110,-110,-110,-110,-110,-110,-110,-110,-110,-110,-110,-110,-110,-110,-110,-110
3,1657876037,T17,-61,-110,-82,-110,-110,-110,-110,-73,-86,-110,-110,-110,-110,-110,-110,-110,-110,-110,-110,-110,-110,-110,-110,-110,-110
4,1657876038,T17,-61,-110,-82,-110,-110,-110,-110,-73,-86,-110,-110,-110,-110,-110,-110,-110,-110,-110,-110,-110,-110,-110,-110,-110,-110
5,1657876039,T17,-61,-110,-82,-110,-110,-110,-110,-73,-86,-110,-110,-110,-110,-110,-110,-110,-110,-110,-110,-110,-110,-110,-110,-110,-110
6,1657876040,T17,-61,-110,-82,-110,-110,-110,-110,-73,-86,-110,-110,-110,-110,-110,-110,-110,-110,-110,-110,-110,-110,-110,-110,-110,-110
7,1657876041,T17,-61,-110,-82,-110,-110,-110,-110,-73,-86,-110,-110,-110,-110,-110,-110,-110,-110,-110,-110,-110,-110,-110,-110,-110,-110
8,1657876042,T17,-61,-110,-82,-110,-110,-110,-110,-73,-86,-110,-110,-110,-110,-110,-110,-110,-110,-110,-110,-110,-110,-110,-110,-110,-110
0,1657876063,T18,-66,-78,-110,-77,-110,-81,-88,-77,-87,-110,-110,-110,-110,-110,-110,-110,-110,-110,-110,-110,-110,-110,-110,-110,-110
1,1657876064,T18,-66,-78,-110,-77,-110,-81,-88,-77,-87,-110,-110,-110,-110,-110,-110,-110,-110,-110,-110,-110,-110,-110,-110,-110,-110
2,1657876065,T18,-70,-110,-85,-78,-110,-110,-110,-110,-110,-110,-110,-110,-110,-110,-110,-110,-110,-110,-110,-110,-110,-110,-110,-110,-110
3,1657876066,T18,-70,-110,-85,-78,-110,-110,-110,-110,-110,-110,-110,-110,-110,-110,-110,-110,-110,-110,-110,-110,-110,-110,-110,-110,-110
4,1657876067,T18,-65,-110,-110,-78,-110,-84,-110,-110,-85,-110,-110,-110,-110,-110,-110,-110,-110,-110,-110,-110,-110,-110,-110,-110,-110
5,1657876068,T18,-65,-110,-110,-78,-110,-84,-110,-110,-85,-110,-110,-110,-110,-110,-110,-110,-110,-110,-110,-110,-110,-110,-110,-110,-110
6,1657876069,T18,-65,-110,-110,-78,-110,-84,-110,-110,-85,-110,-110,-110,-110,-110,-110,-110,-110,-110,-110,-110,-110,-110,-110,-110,-110
7,1657876070,T18,-65,-110,-110,-78,-110,-84,-110,-110,-85,-110,-110,-110,-110,-110,-110,-110,-110,-110,-110,-110,-110,-110,-110,-110,-110
8,1657876071,T18,-65,-110,-110,-78,-110,-84,-110,-110,-85,-110,-110,-110,-110,-110,-110,-110,-110,-110,-110,-110,-110,-110,-110,-110,-110
9,1657876072,T18,-65,-110,-110,-78,-110,-84,-110,-110,-85,-110,-110,-110,-110,-110,-110,-110,-110,-110,-110,-110,-110,-110,-110,-110,-110
10,1657876073,T18,-65,-110,-110,-78,-110,-84,-110,-110,-85,-110,-110,-110,-110,-110,-110,-110,-110,-110,-110,-110,-110,-110,-110,-110,-110
11,1657876074,T18,-66,-79,-110,-82,-88,-110,-83,-110,-88,-110,-110,-110,-110,-110,-110,-110,-110,-110,-110,-110,-110,-110,-110,-110,-110
0,1657874971,T1,-76,-63,-100,-110,-110,-110,-110,-110,-110,-110,-110,-110,-110,-110,-110,-110,-110,-110,-110,-110,-110,-110,-110,-110,-110
1,1657874972,T1,-76,-63,-100,-110,-110,-110,-110,-110,-110,-110,-110,-110,-110,-110,-110,-110,-110,-110,-110,-110,-110,-110,-110,-110,-110
2,1657874973,T1,-76,-63,-100,-110,-110,-110,-110,-110,-110,-110,-110,-110,-110,-110,-110,-110,-110,-110,-110,-110,-110,-110,-110,-110,-110
3,1657874975,T1,-80,-64,-94,-77,-110,-110,-110,-110,-110,-110,-110,-110,-110,-110,-110,-110,-110,-110,-110,-110,-110,-110,-110,-110,-110
4,1657874976,T1,-80,-64,-94,-77,-110,-110,-110,-110,-110,-110,-110,-110,-110,-110,-110,-110,-110,-110,-110,-110,-110,-110,-110,-110,-110
5,1657874977,T1,-80,-64,-94,-77,-110,-110,-110,-110,-110,-110,-110,-110,-110,-110,-110,-110,-110,-110,-110,-110,-110,-110,-110,-110,-110
6,1657874978,T1,-85,-68,-110,-81,-82,-93,-110,-110,-110,-110,-110,-110,-110,-110,-110,-110,-110,-110,-110,-110,-110,-110,-110,-110,-110
7,1657874979,T1,-85,-68,-110,-81,-82,-93,-110,-110,-110,-110,-110,-110,-110,-110,-110,-110,-110,-110,-110,-110,-110,-110,-110,-110,-110
8,1657874980,T1,-85,-68,-110,-81,-82,-93,-110,-110,-110,-110,-110,-110,-110,-110,-110,-110,-110,-110,-110,-110,-110,-110,-110,-110,-110
9,1657874981,T1,-85,-68,-110,-81,-82,-93,-110,-110,-110,-110,-110,-110,-110,-110,-110,-110,-110,-110,-110,-110,-110,-110,-110,-110,-110
10,1657874982,T1,-85,-68,-110,-81,-82,-93,-110,-110,-110,-110,-110,-110,-110,-110,-110,-110,-110,-110,-110,-110,-110,-110,-110,-110,-110
11,1657874983,T1,-85,-68,-110,-81,-82,-93,-110,-110,-110,-110,-110,-110,-110,-110,-110,-110,-110,-110,-110,-110,-110,-110,-110,-110,-110
12,1657874984,T1,-85,-68,-110,-81,-82,-93,-110,-110,-110,-110,-110,-110,-110,-110,-110,-110,-110,-110,-110,-110,-110,-110,-110,-110,-110
13,1657874985,T1,-85,-68,-110,-81,-82,-93,-110,-110,-110,-110,-110,-110,-110,-110,-110,-110,-110,-110,-110,-110,-110,-110,-110,-110,-110
14,1657874986,T1,-85,-68,-110,-81,-82,-93,-110,-110,-110,-110,-110,-110,-110,-110,-110,-110,-110,-110,-110,-110,-110,-110,-110,-110,-110
15,1657874987,T1,-85,-68,-110,-81,-82,-93,-110,-110,-110,-110,-110,-110,-110,-110,-110,-110,-110,-110,-110,-110,-110,-110,-110,-110,-110
16,1657874988,T1,-85,-68,-110,-81,-82,-93,-110,-110,-110,-110,-110,-110,-110,-110,-110,-110,-110,-110,-110,-110,-110,-110,-110,-110,-110
17,1657874989,T1,-85,-68,-110,-81,-82,-93,-110,-110,-110,-110,-110,-110,-110,-110,-110,-110,-110,-110,-110,-110,-110,-110,-110,-110,-110
18,1657874990,T1,-85,-68,-110,-81,-82,-93,-110,-110,-110,-110,-110,-110,-110,-110,-110,-110,-110,-110,-110,-110,-110,-110,-110,-110,-110
0,1657875045,T2,-81,-72,-110,-110,-84,-110,-86,-110,-110,-110,-110,-110,-110,-110,-110,-110,-110,-110,-110,-110,-110,-110,-110,-110,-110
1,1657875046,T2,-81,-72,-110,-110,-84,-110,-86,-110,-110,-110,-110,-110,-110,-110,-110,-110,-110,-110,-110,-110,-110,-110,-110,-110,-110
2,1657875047,T2,-81,-72,-110,-110,-84,-110,-86,-110,-110,-110,-110,-110,-110,-110,-110,-110,-110,-110,-110,-110,-110,-110,-110,-110,-110
3,1657875048,T2,-81,-72,-110,-110,-84,-110,-86,-110,-110,-110,-110,-110,-110,-110,-110,-110,-110,-110,-110,-110,-110,-110,-110,-110,-110
4,1657875049,T2,-81,-72,-110,-110,-84,-110,-86,-110,-110,-110,-110,-110,-110,-110,-110,-110,-110,-110,-110,-110,-110,-110,-110,-110,-110
5,1657875050,T2,-81,-72,-110,-110,-84,-110,-86,-110,-110,-110,-110,-110,-110,-110,-110,-110,-110,-110,-110,-110,-110,-110,-110,-110,-110
6,1657875051,T2,-81,-72,-110,-110,-84,-110,-86,-110,-110,-110,-110,-110,-110,-110,-110,-110,-110,-110,-110,-110,-110,-110,-110,-110,-110
7,1657875052,T2,-81,-72,-110,-110,-84,-110,-86,-110,-110,-110,-110,-110,-110,-110,-110,-110,-110,-110,-110,-110,-110,-110,-110,-110,-110
8,1657875053,T2,-81,-72,-110,-110,-84,-110,-86,-110,-110,-110,-110,-110,-110,-110,-110,-110,-110,-110,-110,-110,-110,-110,-110,-110,-110
9,1657875054,T2,-81,-72,-110,-110,-84,-110,-86,-110,-110,-110,-110,-110,-110,-110,-110,-110,-110,-110,-110,-110,-110,-110,-110,-110,-110
10,1657875055,T2,-81,-72,-110,-110,-84,-110,-86,-110,-110,-110,-110,-110,-110,-110,-110,-110,-110,-110,-110,-110,-110,-110,-110,-110,-110
11,1657875056,T2,-81,-72,-110,-110,-84,-110,-86,-110,-110,-110,-110,-110,-110,-110,-110,-110,-110,-110,-110,-110,-110,-110,-110,-110,-110
12,1657875057,T2,-81,-72,-110,-110,-84,-110,-86,-110,-110,-110,-110,-110,-110,-110,-110,-110,-110,-110,-110,-110,-110,-110,-110,-110,-110
13,1657875058,T2,-81,-72,-110,-110,-84,-110,-86,-110,-110,-110,-110,-110,-110,-110,-110,-110,-110,-110,-110,-110,-110,-110,-110,-110,-110
14,1657875059,T2,-81,-72,-110,-110,-84,-110,-86,-110,-110,-110,-110,-110,-110,-110,-110,-110,-110,-110,-110,-110,-110,-110,-110,-110,-110
15,1657875060,T2,-81,-72,-110,-110,-84,-110,-86,-110,-110,-110,-110,-110,-110,-110,-110,-110,-110,-110,-110,-110,-110,-110,-110,-110,-110
16,1657875061,T2,-81,-72,-110,-110,-84,-110,-86,-110,-110,-110,-110,-110,-110,-110,-110,-110,-110,-110,-110,-110,-110,-110,-110,-110,-110
17,1657875062,T2,-81,-72,-110,-110,-84,-110,-86,-110,-110,-110,-110,-110,-110,-110,-110,-110,-110,-110,-110,-110,-110,-110,-110,-110,-110
18,1657875063,T2,-81,-72,-110,-110,-84,-110,-86,-110,-110,-110,-110,-110,-110,-110,-110,-110,-110,-110,-110,-110,-110,-110,-110,-110,-110
19,1657875064,T2,-81,-72,-110,-110,-84,-110,-86,-110,-110,-110,-110,-110,-110,-110,-110,-110,-110,-110,-110,-110,-110,-110,-110,-110,-110
20,1657875065,T2,-81,-72,-110,-110,-84,-110,-86,-110,-110,-110,-110,-110,-110,-110,-110,-110,-110,-110,-110,-110,-110,-110,-110,-110,-110
21,1657875066,T2,-81,-72,-110,-110,-84,-110,-86,-110,-110,-110,-110,-110,-110,-110,-110,-110,-110,-110,-110,-110,-110,-110,-110,-110,-110
22,1657875067,T2,-81,-72,-110,-110,-84,-110,-86,-110,-110,-110,-110,-110,-110,-110,-110,-110,-110,-110,-110,-110,-110,-110,-110,-110,-110
23,1657875068,T2,-81,-72,-110,-110,-84,-110,-86,-110,-110,-110,-110,-110,-110,-110,-110,-110,-110,-110,-110,-110,-110,-110,-110,-110,-110
24,1657875069,T2,-81,-72,-110,-110,-84,-110,-86,-110,-110,-110,-110,-110,-110,-110,-110,-110,-110,-110,-110,-110,-110,-110,-110,-110,-110
0,1657875095,T3,-81,-72,-110,-110,-84,-110,-86,-110,-110,-110,-110,-110,-110,-110,-110,-110,-110,-110,-110,-110,-110,-110,-110,-110,-110
1,1657875096,T3,-76,-67,-110,-110,-110,-110,-110,-94,-86,-110,-110,-110,-110,-110,-110,-110,-110,-110,-110,-110,-110,-110,-110,-110,-110
2,1657875097,T3,-76,-67,-110,-110,-110,-110,-110,-94,-86,-110,-110,-110,-110,-110,-110,-110,-110,-110,-110,-110,-110,-110,-110,-110,-110
3,1657875098,T3,-76,-67,-110,-110,-110,-110,-110,-94,-86,-110,-110,-110,-110,-110,-110,-110,-110,-110,-110,-110,-110,-110,-110,-110,-110
4,1657875099,T3,-76,-67,-110,-110,-110,-110,-110,-94,-86,-110,-110,-110,-110,-110,-110,-110,-110,-110,-110,-110,-110,-110,-110,-110,-110
5,1657875100,T3,-84,-78,-110,-110,-86,-110,-85,-95,-110,-110,-110,-110,-110,-110,-110,-110,-110,-110,-110,-110,-110,-110,-110,-110,-110
6,1657875101,T3,-84,-78,-110,-110,-86,-110,-85,-95,-110,-110,-110,-110,-110,-110,-110,-110,-110,-110,-110,-110,-110,-110,-110,-110,-110
7,1657875102,T3,-84,-78,-110,-110,-86,-110,-85,-95,-110,-110,-110,-110,-110,-110,-110,-110,-110,-110,-110,-110,-110,-110,-110,-110,-110
8,1657875103,T3,-84,-78,-110,-110,-86,-110,-85,-95,-110,-110,-110,-110,-110,-110,-110,-110,-110,-110,-110,-110,-110,-110,-110,-110,-110
9,1657875104,T3,-84,-78,-110,-110,-86,-110,-85,-95,-110,-110,-110,-110,-110,-110,-110,-110,-110,-110,-110,-110,-110,-110,-110,-110,-110
10,1657875105,T3,-84,-78,-110,-110,-86,-110,-85,-95,-110,-110,-110,-110,-110,-110,-110,-110,-110,-110,-110,-110,-110,-110,-110,-110,-110
11,1657875106,T3,-84,-78,-110,-110,-86,-110,-85,-95,-110,-110,-110,-110,-110,-110,-110,-110,-110,-110,-110,-110,-110,-110,-110,-110,-110
12,1657875107,T3,-84,-78,-110,-110,-86,-110,-85,-95,-110,-110,-110,-110,-110,-110,-110,-110,-110,-110,-110,-110,-110,-110,-110,-110,-110
13,1657875108,T3,-84,-78,-110,-110,-86,-110,-85,-95,-110,-110,-110,-110,-110,-110,-110,-110,-110,-110,-110,-110,-110,-110,-110,-110,-110
14,1657875109,T3,-84,-78,-110,-110,-86,-110,-85,-95,-110,-110,-110,-110,-110,-110,-110,-110,-110,-110,-110,-110,-110,-110,-110,-110,-110
15,1657875110,T3,-84,-78,-110,-110,-86,-110,-85,-95,-110,-110,-110,-110,-110,-110,-110,-110,-110,-110,-110,-110,-110,-110,-110,-110,-110
16,1657875111,T3,-84,-78,-110,-110,-86,-110,-85,-95,-110,-110,-110,-110,-110,-110,-110,-110,-110,-110,-110,-110,-110,-110,-110,-110,-110
17,1657875112,T3,-84,-78,-110,-110,-86,-110,-85,-95,-110,-110,-110,-110,-110,-110,-110,-110,-110,-110,-110,-110,-110,-110,-110,-110,-110
18,1657875113,T3,-84,-78,-110,-110,-86,-110,-85,-95,-110,-110,-110,-110,-110,-110,-110,-110,-110,-110,-110,-110,-110,-110,-110,-110,-110
19,1657875114,T3,-84,-78,-110,-110,-86,-110,-85,-95,-110,-110,-110,-110,-110,-110,-110,-110,-110,-110,-110,-110,-110,-110,-110,-110,-110
20,1657875115,T3,-84,-78,-110,-110,-86,-110,-85,-95,-110,-110,-110,-110,-110,-110,-110,-110,-110,-110,-110,-110,-110,-110,-110,-110,-110
21,1657875116,T3,-84,-78,-110,-110,-86,-110,-85,-95,-110,-110,-110,-110,-110,-110,-110,-110,-110,-110,-110,-110,-110,-110,-110,-110,-110
22,1657875117,T3,-84,-78,-110,-110,-86,-110,-85,-95,-110,-110,-110,-110,-110,-110,-110,-110,-110,-110,-110,-110,-110,-110,-110,-110,-110
0,1657875142,T4,-84,-78,-110,-110,-86,-110,-85,-95,-110,-110,-110,-110,-110,-110,-110,-110,-110,-110,-110,-110,-110,-110,-110,-110,-110
1,1657875143,T4,-84,-78,-110,-110,-86,-110,-85,-95,-110,-110,-110,-110,-110,-110,-110,-110,-110,-110,-110,-110,-110,-110,-110,-110,-110
2,1657875144,T4,-84,-78,-110,-110,-86,-110,-85,-95,-110,-110,-110,-110,-110,-110,-110,-110,-110,-110,-110,-110,-110,-110,-110,-110,-110
3,1657875145,T4,-84,-78,-110,-110,-86,-110,-85,-95,-110,-110,-110,-110,-110,-110,-110,-110,-110,-110,-110,-110,-110,-110,-110,-110,-110
4,1657875146,T4,-84,-78,-110,-110,-86,-110,-85,-95,-110,-110,-110,-110,-110,-110,-110,-110,-110,-110,-110,-110,-110,-110,-110,-110,-110
5,1657875147,T4,-84,-78,-110,-110,-86,-110,-85,-95,-110,-110,-110,-110,-110,-110,-110,-110,-110,-110,-110,-110,-110,-110,-110,-110,-110
6,1657875148,T4,-84,-78,-110,-110,-86,-110,-85,-95,-110,-110,-110,-110,-110,-110,-110,-110,-110,-110,-110,-110,-110,-110,-110,-110,-110
7,1657875149,T4,-84,-78,-110,-110,-86,-110,-85,-95,-110,-110,-110,-110,-110,-110,-110,-110,-110,-110,-110,-110,-110,-110,-110,-110,-110
8,1657875150,T4,-84,-78,-110,-110,-86,-110,-85,-95,-110,-110,-110,-110,-110,-110,-110,-110,-110,-110,-110,-110,-110,-110,-110,-110,-110
9,1657875151,T4,-84,-78,-110,-110,-86,-110,-85,-95,-110,-110,-110,-110,-110,-110,-110,-110,-110,-110,-110,-110,-110,-110,-110,-110,-110
10,1657875152,T4,-84,-78,-110,-110,-86,-110,-85,-95,-110,-110,-110,-110,-110,-110,-110,-110,-110,-110,-110,-110,-110,-110,-110,-110,-110
11,1657875153,T4,-84,-78,-110,-110,-86,-110,-85,-95,-110,-110,-110,-110,-110,-110,-110,-110,-110,-110,-110,-110,-110,-110,-110,-110,-110
12,1657875154,T4,-84,-78,-110,-110,-86,-110,-85,-95,-110,-110,-110,-110,-110,-110,-110,-110,-110,-110,-110,-110,-110,-110,-110,-110,-110
13,1657875155,T4,-84,-78,-110,-110,-86,-110,-85,-95,-110,-110,-110,-110,-110,-110,-110,-110,-110,-110,-110,-110,-110,-110,-110,-110,-110
0,1657875181,T5,-80,-72,-95,-83,-82,-95,-110,-110,-110,-91,-110,-110,-110,-110,-110,-110,-110,-110,-110,-110,-110,-110,-110,-110,-110
1,1657875182,T5,-80,-72,-95,-83,-82,-95,-110,-110,-110,-91,-110,-110,-110,-110,-110,-110,-110,-110,-110,-110,-110,-110,-110,-110,-110
2,1657875183,T5,-80,-72,-95,-83,-82,-95,-110,-110,-110,-91,-110,-110,-110,-110,-110,-110,-110,-110,-110,-110,-110,-110,-110,-110,-110
3,1657875184,T5,-80,-72,-95,-83,-82,-95,-110,-110,-110,-91,-110,-110,-110,-110,-110,-110,-110,-110,-110,-110,-110,-110,-110,-110,-110
4,1657875185,T5,-80,-72,-95,-83,-82,-95,-110,-110,-110,-91,-110,-110,-110,-110,-110,-110,-110,-110,-110,-110,-110,-110,-110,-110,-110
5,1657875186,T5,-80,-72,-95,-83,-82,-95,-110,-110,-110,-91,-110,-110,-110,-110,-110,-110,-110,-110,-110,-110,-110,-110,-110,-110,-110
6,1657875187,T5,-80,-72,-95,-83,-82,-95,-110,-110,-110,-91,-110,-110,-110,-110,-110,-110,-110,-110,-110,-110,-110,-110,-110,-110,-110
7,1657875188,T5,-80,-72,-95,-83,-82,-95,-110,-110,-110,-91,-110,-110,-110,-110,-110,-110,-110,-110,-110,-110,-110,-110,-110,-110,-110
8,1657875189,T5,-80,-72,-95,-83,-82,-95,-110,-110,-110,-91,-110,-110,-110,-110,-110,-110,-110,-110,-110,-110,-110,-110,-110,-110,-110
9,1657875190,T5,-80,-72,-95,-83,-82,-95,-110,-110,-110,-91,-110,-110,-110,-110,-110,-110,-110,-110,-110,-110,-110,-110,-110,-110,-110
10,1657875191,T5,-80,-72,-95,-83,-82,-95,-110,-110,-110,-91,-110,-110,-110,-110,-110,-110,-110,-110,-110,-110,-110,-110,-110,-110,-110
11,1657875192,T5,-80,-72,-95,-83,-82,-95,-110,-110,-110,-91,-110,-110,-110,-110,-110,-110,-110,-110,-110,-110,-110,-110,-110,-110,-110
12,1657875193,T5,-80,-72,-95,-83,-82,-95,-110,-110,-110,-91,-110,-110,-110,-110,-110,-110,-110,-110,-110,-110,-110,-110,-110,-110,-110
13,1657875194,T5,-80,-72,-95,-83,-82,-95,-110,-110,-110,-91,-110,-110,-110,-110,-110,-110,-110,-110,-110,-110,-110,-110,-110,-110,-110
14,1657875195,T5,-80,-72,-95,-83,-82,-95,-110,-110,-110,-91,-110,-110,-110,-110,-110,-110,-110,-110,-110,-110,-110,-110,-110,-110,-110
0,1657875274,T6,-86,-71,-96,-79,-79,-95,-88,-110,-110,-94,-110,-110,-110,-110,-110,-110,-110,-110,-110,-110,-110,-110,-110,-110,-110
1,1657875275,T6,-86,-71,-96,-79,-79,-95,-88,-110,-110,-94,-110,-110,-110,-110,-110,-110,-110,-110,-110,-110,-110,-110,-110,-110,-110
2,1657875276,T6,-86,-71,-96,-79,-79,-95,-88,-110,-110,-94,-110,-110,-110,-110,-110,-110,-110,-110,-110,-110,-110,-110,-110,-110,-110
3,1657875277,T6,-86,-71,-96,-79,-79,-95,-88,-110,-110,-94,-110,-110,-110,-110,-110,-110,-110,-110,-110,-110,-110,-110,-110,-110,-110
4,1657875278,T6,-91,-72,-110,-81,-84,-93,-80,-110,-80,-110,-110,-110,-110,-110,-110,-110,-110,-110,-110,-110,-110,-110,-110,-110,-110
5,1657875279,T6,-91,-72,-110,-81,-84,-93,-80,-110,-80,-110,-110,-110,-110,-110,-110,-110,-110,-110,-110,-110,-110,-110,-110,-110,-110
6,1657875280,T6,-91,-72,-110,-81,-84,-93,-80,-110,-80,-110,-110,-110,-110,-110,-110,-110,-110,-110,-110,-110,-110,-110,-110,-110,-110
7,1657875281,T6,-91,-72,-110,-81,-84,-93,-80,-110,-80,-110,-110,-110,-110,-110,-110,-110,-110,-110,-110,-110,-110,-110,-110,-110,-110
8,1657875282,T6,-91,-72,-110,-81,-84,-93,-80,-110,-80,-110,-110,-110,-110,-110,-110,-110,-110,-110,-110,-110,-110,-110,-110,-110,-110
9,1657875283,T6,-91,-72,-110,-81,-84,-93,-80,-110,-80,-110,-110,-110,-110,-110,-110,-110,-110,-110,-110,-110,-110,-110,-110,-110,-110
10,1657875284,T6,-91,-72,-110,-81,-84,-93,-80,-110,-80,-110,-110,-110,-110,-110,-110,-110,-110,-110,-110,-110,-110,-110,-110,-110,-110
0,1657875340,T7,-92,-66,-110,-82,-85,-110,-110,-110,-110,-110,-97,-110,-110,-110,-110,-110,-110,-110,-110,-110,-110,-110,-110,-110,-110
1,1657875341,T7,-92,-66,-110,-82,-85,-110,-110,-110,-110,-110,-97,-110,-110,-110,-110,-110,-110,-110,-110,-110,-110,-110,-110,-110,-110
2,1657875342,T7,-92,-66,-110,-82,-85,-110,-110,-110,-110,-110,-97,-110,-110,-110,-110,-110,-110,-110,-110,-110,-110,-110,-110,-110,-110
3,1657875343,T7,-92,-66,-110,-82,-85,-110,-110,-110,-110,-110,-97,-110,-110,-110,-110,-110,-110,-110,-110,-110,-110,-110,-110,-110,-110
4,1657875344,T7,-92,-66,-110,-82,-85,-110,-110,-110,-110,-110,-97,-110,-110,-110,-110,-110,-110,-110,-110,-110,-110,-110,-110,-110,-110
5,1657875345,T7,-92,-66,-110,-82,-85,-110,-110,-110,-110,-110,-97,-110,-110,-110,-110,-110,-110,-110,-110,-110,-110,-110,-110,-110,-110
6,1657875346,T7,-92,-66,-110,-82,-85,-110,-110,-110,-110,-110,-97,-110,-110,-110,-110,-110,-110,-110,-110,-110,-110,-110,-110,-110,-110
7,1657875347,T7,-92,-66,-110,-82,-85,-110,-110,-110,-110,-110,-97,-110,-110,-110,-110,-110,-110,-110,-110,-110,-110,-110,-110,-110,-110
8,1657875348,T7,-92,-66,-110,-82,-85,-110,-110,-110,-110,-110,-97,-110,-110,-110,-110,-110,-110,-110,-110,-110,-110,-110,-110,-110,-110
9,1657875349,T7,-92,-66,-110,-82,-85,-110,-110,-110,-110,-110,-97,-110,-110,-110,-110,-110,-110,-110,-110,-110,-110,-110,-110,-110,-110
10,1657875350,T7,-92,-66,-110,-82,-85,-110,-110,-110,-110,-110,-97,-110,-110,-110,-110,-110,-110,-110,-110,-110,-110,-110,-110,-110,-110
11,1657875351,T7,-92,-66,-110,-82,-85,-110,-110,-110,-110,-110,-97,-110,-110,-110,-110,-110,-110,-110,-110,-110,-110,-110,-110,-110,-110
12,1657875352,T7,-92,-66,-110,-82,-85,-110,-110,-110,-110,-110,-97,-110,-110,-110,-110,-110,-110,-110,-110,-110,-110,-110,-110,-110,-110
13,1657875353,T7,-92,-66,-110,-82,-85,-110,-110,-110,-110,-110,-97,-110,-110,-110,-110,-110,-110,-110,-110,-110,-110,-110,-110,-110,-110
14,1657875354,T7,-92,-66,-110,-82,-85,-110,-110,-110,-110,-110,-97,-110,-110,-110,-110,-110,-110,-110,-110,-110,-110,-110,-110,-110,-110
0,1657875381,T8,-92,-66,-110,-82,-85,-110,-110,-110,-110,-110,-97,-110,-110,-110,-110,-110,-110,-110,-110,-110,-110,-110,-110,-110,-110
1,1657875382,T8,-92,-66,-110,-82,-85,-110,-110,-110,-110,-110,-97,-110,-110,-110,-110,-110,-110,-110,-110,-110,-110,-110,-110,-110,-110
2,1657875383,T8,-92,-66,-110,-82,-85,-110,-110,-110,-110,-110,-97,-110,-110,-110,-110,-110,-110,-110,-110,-110,-110,-110,-110,-110,-110
3,1657875384,T8,-92,-66,-110,-82,-85,-110,-110,-110,-110,-110,-97,-110,-110,-110,-110,-110,-110,-110,-110,-110,-110,-110,-110,-110,-110
4,1657875385,T8,-92,-66,-110,-82,-85,-110,-110,-110,-110,-110,-97,-110,-110,-110,-110,-110,-110,-110,-110,-110,-110,-110,-110,-110,-110
5,1657875386,T8,-92,-66,-110,-82,-85,-110,-110,-110,-110,-110,-97,-110,-110,-110,-110,-110,-110,-110,-110,-110,-110,-110,-110,-110,-110
6,1657875387,T8,-92,-66,-110,-82,-85,-110,-110,-110,-110,-110,-97,-110,-110,-110,-110,-110,-110,-110,-110,-110,-110,-110,-110,-110,-110
7,1657875388,T8,-92,-66,-110,-82,-85,-110,-110,-110,-110,-110,-97,-110,-110,-110,-110,-110,-110,-110,-110,-110,-110,-110,-110,-110,-110
8,1657875389,T8,-92,-66,-110,-82,-85,-110,-110,-110,-110,-110,-97,-110,-110,-110,-110,-110,-110,-110,-110,-110,-110,-110,-110,-110,-110
9,1657875390,T8,-92,-66,-110,-82,-85,-110,-110,-110,-110,-110,-97,-110,-110,-110,-110,-110,-110,-110,-110,-110,-110,-110,-110,-110,-110
10,1657875391,T8,-92,-66,-110,-82,-85,-110,-110,-110,-110,-110,-97,-110,-110,-110,-110,-110,-110,-110,-110,-110,-110,-110,-110,-110,-110
11,1657875392,T8,-92,-66,-110,-82,-85,-110,-110,-110,-110,-110,-97,-110,-110,-110,-110,-110,-110,-110,-110,-110,-110,-110,-110,-110,-110
12,1657875393,T8,-92,-66,-110,-82,-85,-110,-110,-110,-110,-110,-97,-110,-110,-110,-110,-110,-110,-110,-110,-110,-110,-110,-110,-110,-110
0,1657875420,T9,-110,-70,-110,-110,-85,-110,-110,-110,-110,-110,-110,-110,-110,-110,-110,-110,-110,-110,-110,-110,-110,-110,-110,-110,-110
1,1657875421,T9,-110,-70,-110,-110,-85,-110,-110,-110,-110,-110,-110,-110,-110,-110,-110,-110,-110,-110,-110,-110,-110,-110,-110,-110,-110
2,1657875422,T9,-110,-70,-110,-110,-85,-110,-110,-110,-110,-110,-110,-110,-110,-110,-110,-110,-110,-110,-110,-110,-110,-110,-110,-110,-110
3,1657875423,T9,-110,-70,-110,-110,-85,-110,-110,-110,-110,-110,-110,-110,-110,-110,-110,-110,-110,-110,-110,-110,-110,-110,-110,-110,-110
4,1657875424,T9,-110,-70,-110,-110,-85,-110,-110,-110,-110,-110,-110,-110,-110,-110,-110,-110,-110,-110,-110,-110,-110,-110,-110,-110,-110
5,1657875425,T9,-89,-64,-110,-110,-89,-110,-110,-110,-110,-110,-110,-110,-110,-110,-110,-110,-110,-110,-110,-110,-110,-110,-110,-110,-110
6,1657875426,T9,-110,-110,-110,-110,-110,-110,-110,-110,-89,-110,-110,-110,-110,-110,-110,-110,-110,-110,-110,-110,-110,-110,-110,-110,-110
7,1657875427,T9,-89,-64,-110,-110,-89,-110,-110,-110,-89,-110,-110,-110,-110,-110,-110,-110,-110,-110,-110,-110,-110,-110,-110,-110,-110
8,1657875428,T9,-89,-64,-110,-110,-89,-110,-110,-110,-89,-110,-110,-110,-110,-110,-110,-110,-110,-110,-110,-110,-110,-110,-110,-110,-110
9,1657875429,T9,-89,-64,-110,-110,-89,-110,-110,-110,-89,-110,-110,-110,-110,-110,-110,-110,-110,-110,-110,-110,-110,-110,-110,-110,-110
10,1657875430,T9,-89,-64,-110,-110,-89,-110,-110,-110,-89,-110,-110,-110,-110,-110,-110,-110,-110,-110,-110,-110,-110,-110,-110,-110,-110
11,1657875431,T9,-89,-64,-110,-110,-89,-110,-110,-110,-89,-110,-110,-110,-110,-110,-110,-110,-110,-110,-110,-110,-110,-110,-110,-110,-110
12,1657875432,T9,-89,-64,-110,-110,-89,-110,-110,-110,-89,-110,-110,-110,-110,-110,-110,-110,-110,-110,-110,-110,-110,-110,-110,-110,-110
13,1657875434,T9,-89,-64,-110,-110,-89,-110,-110,-110,-89,-110,-110,-110,-110,-110,-110,-110,-110,-110,-110,-110,-110,-110,-110,-110,-110
14,1657875435,T9,-89,-64,-110,-110,-89,-110,-110,-110,-89,-110,-110,-110,-110,-110,-110,-110,-110,-110,-110,-110,-110,-110,-110,-110,-110
15,1657875436,T9,-89,-64,-110,-110,-89,-110,-110,-110,-89,-110,-110,-110,-110,-110,-110,-110,-110,-110,-110,-110,-110,-110,-110,-110,-110
16,1657875437,T9,-89,-64,-110,-110,-89,-110,-110,-110,-89,-110,-110,-110,-110,-110,-110,-110,-110,-110,-110,-110,-110,-110,-110,-110,-110
0,1657875464,T10,-89,-64,-110,-110,-89,-110,-110,-110,-89,-110,-110,-110,-110,-110,-110,-110,-110,-110,-110,-110,-110,-110,-110,-110,-110
1,1657875465,T10,-89,-64,-110,-110,-89,-110,-110,-110,-89,-110,-110,-110,-110,-110,-110,-110,-110,-110,-110,-110,-110,-110,-110,-110,-110
2,1657875466,T10,-89,-64,-110,-110,-89,-110,-110,-110,-89,-110,-110,-110,-110,-110,-110,-110,-110,-110,-110,-110,-110,-110,-110,-110,-110
3,1657875467,T10,-89,-64,-110,-110,-89,-110,-110,-110,-89,-110,-110,-110,-110,-110,-110,-110,-110,-110,-110,-110,-110,-110,-110,-110,-110
4,1657875468,T10,-89,-64,-110,-110,-89,-110,-110,-110,-89,-110,-110,-110,-110,-110,-110,-110,-110,-110,-110,-110,-110,-110,-110,-110,-110
5,1657875469,T10,-89,-64,-110,-110,-89,-110,-110,-110,-89,-110,-110,-110,-110,-110,-110,-110,-110,-110,-110,-110,-110,-110,-110,-110,-110
6,1657875470,T10,-89,-64,-110,-110,-89,-110,-110,-110,-89,-110,-110,-110,-110,-110,-110,-110,-110,-110,-110,-110,-110,-110,-110,-110,-110
7,1657875471,T10,-89,-64,-110,-110,-89,-110,-110,-110,-89,-110,-110,-110,-110,-110,-110,-110,-110,-110,-110,-110,-110,-110,-110,-110,-110
8,1657875472,T10,-89,-64,-110,-110,-89,-110,-110,-110,-89,-110,-110,-110,-110,-110,-110,-110,-110,-110,-110,-110,-110,-110,-110,-110,-110
9,1657875473,T10,-89,-64,-110,-110,-89,-110,-110,-110,-89,-110,-110,-110,-110,-110,-110,-110,-110,-110,-110,-110,-110,-110,-110,-110,-110
10,1657875474,T10,-89,-64,-110,-110,-89,-110,-110,-110,-89,-110,-110,-110,-110,-110,-110,-110,-110,-110,-110,-110,-110,-110,-110,-110,-110
11,1657875475,T10,-89,-64,-110,-110,-89,-110,-110,-110,-89,-110,-110,-110,-110,-110,-110,-110,-110,-110,-110,-110,-110,-110,-110,-110,-110
12,1657875476,T10,-89,-64,-110,-110,-89,-110,-110,-110,-89,-110,-110,-110,-110,-110,-110,-110,-110,-110,-110,-110,-110,-110,-110,-110,-110
13,1657875477,T10,-89,-64,-110,-110,-89,-110,-110,-110,-89,-110,-110,-110,-110,-110,-110,-110,-110,-110,-110,-110,-110,-110,-110,-110,-110
14,1657875478,T10,-89,-64,-110,-110,-89,-110,-110,-110,-89,-110,-110,-110,-110,-110,-110,-110,-110,-110,-110,-110,-110,-110,-110,-110,-110
15,1657875479,T10,-89,-64,-110,-110,-89,-110,-110,-110,-89,-110,-110,-110,-110,-110,-110,-110,-110,-110,-110,-110,-110,-110,-110,-110,-110
16,1657875480,T10,-89,-64,-110,-110,-89,-110,-110,-110,-89,-110,-110,-110,-110,-110,-110,-110,-110,-110,-110,-110,-110,-110,-110,-110,-110
17,1657875481,T10,-89,-64,-110,-110,-89,-110,-110,-110,-89,-110,-110,-110,-110,-110,-110,-110,-110,-110,-110,-110,-110,-110,-110,-110,-110
18,1657875482,T10,-89,-64,-110,-110,-89,-110,-110,-110,-89,-110,-110,-110,-110,-110,-110,-110,-110,-110,-110,-110,-110,-110,-110,-110,-110
0,1657875507,T11,-89,-64,-110,-110,-89,-110,-110,-110,-89,-110,-110,-110,-110,-110,-110,-110,-110,-110,-110,-110,-110,-110,-110,-110,-110
1,1657875508,T11,-89,-64,-110,-110,-89,-110,-110,-110,-89,-110,-110,-110,-110,-110,-110,-110,-110,-110,-110,-110,-110,-110,-110,-110,-110
2,1657875509,T11,-89,-64,-110,-110,-89,-110,-110,-110,-89,-110,-110,-110,-110,-110,-110,-110,-110,-110,-110,-110,-110,-110,-110,-110,-110
3,1657875510,T11,-89,-64,-110,-110,-89,-110,-110,-110,-89,-110,-110,-110,-110,-110,-110,-110,-110,-110,-110,-110,-110,-110,-110,-110,-110
4,1657875511,T11,-89,-64,-110,-110,-89,-110,-110,-110,-89,-110,-110,-110,-110,-110,-110,-110,-110,-110,-110,-110,-110,-110,-110,-110,-110
5,1657875512,T11,-89,-64,-110,-110,-89,-110,-110,-110,-89,-110,-110,-110,-110,-110,-110,-110,-110,-110,-110,-110,-110,-110,-110,-110,-110
6,1657875513,T11,-89,-64,-110,-110,-89,-110,-110,-110,-89,-110,-110,-110,-110,-110,-110,-110,-110,-110,-110,-110,-110,-110,-110,-110,-110
7,1657875514,T11,-89,-64,-110,-110,-89,-110,-110,-110,-89,-110,-110,-110,-110,-110,-110,-110,-110,-110,-110,-110,-110,-110,-110,-110,-110
8,1657875515,T11,-89,-64,-110,-110,-89,-110,-110,-110,-89,-110,-110,-110,-110,-110,-110,-110,-110,-110,-110,-110,-110,-110,-110,-110,-110
9,1657875516,T11,-89,-64,-110,-110,-89,-110,-110,-110,-89,-110,-110,-110,-110,-110,-110,-110,-110,-110,-110,-110,-110,-110,-110,-110,-110
10,1657875517,T11,-89,-64,-110,-110,-89,-110,-110,-110,-89,-110,-110,-110,-110,-110,-110,-110,-110,-110,-110,-110,-110,-110,-110,-110,-110
11,1657875518,T11,-89,-64,-110,-110,-89,-110,-110,-110,-89,-110,-110,-110,-110,-110,-110,-110,-110,-110,-110,-110,-110,-110,-110,-110,-110
12,1657875519,T11,-89,-64,-110,-110,-89,-110,-110,-110,-89,-110,-110,-110,-110,-110,-110,-110,-110,-110,-110,-110,-110,-110,-110,-110,-110
13,1657875520,T11,-89,-64,-110,-110,-89,-110,-110,-110,-89,-110,-110,-110,-110,-110,-110,-110,-110,-110,-110,-110,-110,-110,-110,-110,-110
14,1657875521,T11,-89,-64,-110,-110,-89,-110,-110,-110,-89,-110,-110,-110,-110,-110,-110,-110,-110,-110,-110,-110,-110,-110,-110,-110,-110
15,1657875522,T11,-89,-64,-110,-110,-89,-110,-110,-110,-89,-110,-110,-110,-110,-110,-110,-110,-110,-110,-110,-110,-110,-110,-110,-110,-110
16,1657875523,T11,-89,-64,-110,-110,-89,-110,-110,-110,-89,-110,-110,-110,-110,-110,-110,-110,-110,-110,-110,-110,-110,-110,-110,-110,-110
17,1657875524,T11,-89,-64,-110,-110,-89,-110,-110,-110,-89,-110,-110,-110,-110,-110,-110,-110,-110,-110,-110,-110,-110,-110,-110,-110,-110
18,1657875525,T11,-89,-64,-110,-110,-89,-110,-110,-110,-89,-110,-110,-110,-110,-110,-110,-110,-110,-110,-110,-110,-110,-110,-110,-110,-110
19,1657875526,T11,-89,-64,-110,-110,-89,-110,-110,-110,-89,-110,-110,-110,-110,-110,-110,-110,-110,-110,-110,-110,-110,-110,-110,-110,-110
0,1657875552,T12,-89,-64,-110,-110,-89,-110,-110,-110,-89,-110,-110,-110,-110,-110,-110,-110,-110,-110,-110,-110,-110,-110,-110,-110,-110
1,1657875553,T12,-89,-64,-110,-110,-89,-110,-110,-110,-89,-110,-110,-110,-110,-110,-110,-110,-110,-110,-110,-110,-110,-110,-110,-110,-110
2,1657875554,T12,-89,-64,-110,-110,-89,-110,-110,-110,-89,-110,-110,-110,-110,-110,-110,-110,-110,-110,-110,-110,-110,-110,-110,-110,-110
3,1657875555,T12,-89,-64,-110,-110,-89,-110,-110,-110,-89,-110,-110,-110,-110,-110,-110,-110,-110,-110,-110,-110,-110,-110,-110,-110,-110
4,1657875556,T12,-89,-64,-110,-110,-89,-110,-110,-110,-89,-110,-110,-110,-110,-110,-110,-110,-110,-110,-110,-110,-110,-110,-110,-110,-110
5,1657875557,T12,-77,-77,-110,-110,-81,-110,-110,-110,-110,-95,-110,-110,-110,-110,-110,-110,-110,-110,-110,-110,-110,-110,-110,-110,-110
6,1657875558,T12,-77,-77,-110,-110,-81,-110,-110,-110,-110,-95,-110,-110,-110,-110,-110,-110,-110,-110,-110,-110,-110,-110,-110,-110,-110
7,1657875559,T12,-77,-77,-110,-110,-81,-110,-110,-110,-110,-95,-110,-110,-110,-110,-110,-110,-110,-110,-110,-110,-110,-110,-110,-110,-110
8,1657875560,T12,-77,-77,-110,-110,-81,-110,-110,-110,-110,-95,-110,-110,-110,-110,-110,-110,-110,-110,-110,-110,-110,-110,-110,-110,-110
9,1657875561,T12,-77,-77,-110,-110,-81,-110,-110,-110,-110,-95,-110,-110,-110,-110,-110,-110,-110,-110,-110,-110,-110,-110,-110,-110,-110
10,1657875562,T12,-110,-65,-110,-84,-84,-110,-110,-110,-110,-110,-110,-110,-110,-110,-110,-110,-110,-110,-110,-110,-110,-110,-110,-110,-110
11,1657875563,T12,-110,-65,-110,-84,-84,-110,-110,-110,-110,-110,-110,-110,-110,-110,-110,-110,-110,-110,-110,-110,-110,-110,-110,-110,-110
12,1657875564,T12,-110,-65,-110,-84,-84,-110,-110,-110,-110,-110,-110,-110,-110,-110,-110,-110,-110,-110,-110,-110,-110,-110,-110,-110,-110
13,1657875565,T12,-110,-65,-110,-84,-84,-110,-110,-110,-110,-110,-110,-110,-110,-110,-110,-110,-110,-110,-110,-110,-110,-110,-110,-110,-110
14,1657875566,T12,-110,-65,-110,-84,-84,-110,-110,-110,-110,-110,-110,-110,-110,-110,-110,-110,-110,-110,-110,-110,-110,-110,-110,-110,-110
15,1657875567,T12,-110,-65,-110,-84,-84,-110,-110,-110,-110,-110,-110,-110,-110,-110,-110,-110,-110,-110,-110,-110,-110,-110,-110,-110,-110
16,1657875568,T12,-110,-65,-110,-84,-84,-110,-110,-110,-110,-110,-110,-110,-110,-110,-110,-110,-110,-110,-110,-110,-110,-110,-110,-110,-110
17,1657875569,T12,-110,-65,-110,-84,-84,-110,-110,-110,-110,-110,-110,-110,-110,-110,-110,-110,-110,-110,-110,-110,-110,-110,-110,-110,-110
18,1657875570,T12,-110,-65,-110,-84,-84,-110,-110,-110,-110,-110,-110,-110,-110,-110,-110,-110,-110,-110,-110,-110,-110,-110,-110,-110,-110
0,1657875599,T13,-90,-73,-96,-82,-110,-110,-110,-110,-110,-110,-110,-110,-110,-110,-110,-110,-110,-110,-110,-110,-110,-110,-110,-110,-110
1,1657875600,T13,-90,-73,-96,-82,-110,-110,-110,-110,-110,-110,-110,-110,-110,-110,-110,-110,-110,-110,-110,-110,-110,-110,-110,-110,-110
2,1657875601,T13,-90,-73,-96,-82,-110,-110,-110,-110,-110,-110,-110,-110,-110,-110,-110,-110,-110,-110,-110,-110,-110,-110,-110,-110,-110
3,1657875602,T13,-90,-73,-96,-82,-110,-110,-110,-110,-110,-110,-110,-110,-110,-110,-110,-110,-110,-110,-110,-110,-110,-110,-110,-110,-110
4,1657875603,T13,-90,-73,-96,-82,-110,-110,-110,-110,-110,-110,-110,-110,-110,-110,-110,-110,-110,-110,-110,-110,-110,-110,-110,-110,-110
5,1657875604,T13,-90,-73,-96,-82,-110,-110,-110,-110,-110,-110,-110,-110,-110,-110,-110,-110,-110,-110,-110,-110,-110,-110,-110,-110,-110
6,1657875605,T13,-90,-73,-96,-82,-110,-110,-110,-110,-110,-110,-110,-110,-110,-110,-110,-110,-110,-110,-110,-110,-110,-110,-110,-110,-110
7,1657875606,T13,-90,-73,-96,-82,-110,-110,-110,-110,-110,-110,-110,-110,-110,-110,-110,-110,-110,-110,-110,-110,-110,-110,-110,-110,-110
8,1657875607,T13,-90,-73,-96,-82,-110,-110,-110,-110,-110,-110,-110,-110,-110,-110,-110,-110,-110,-110,-110,-110,-110,-110,-110,-110,-110
9,1657875608,T13,-90,-73,-96,-82,-110,-110,-110,-110,-110,-110,-110,-110,-110,-110,-110,-110,-110,-110,-110,-110,-110,-110,-110,-110,-110
10,1657875609,T13,-90,-73,-96,-82,-110,-110,-110,-110,-110,-110,-110,-110,-110,-110,-110,-110,-110,-110,-110,-110,-110,-110,-110,-110,-110
11,1657875610,T13,-90,-73,-96,-82,-110,-110,-110,-110,-110,-110,-110,-110,-110,-110,-110,-110,-110,-110,-110,-110,-110,-110,-110,-110,-110
12,1657875611,T13,-90,-73,-96,-82,-110,-110,-110,-110,-110,-110,-110,-110,-110,-110,-110,-110,-110,-110,-110,-110,-110,-110,-110,-110,-110
13,1657875612,T13,-90,-73,-96,-82,-110,-110,-110,-110,-110,-110,-110,-110,-110,-110,-110,-110,-110,-110,-110,-110,-110,-110,-110,-110,-110
14,1657875613,T13,-90,-73,-96,-82,-110,-110,-110,-110,-110,-110,-110,-110,-110,-110,-110,-110,-110,-110,-110,-110,-110,-110,-110,-110,-110
15,1657875614,T13,-90,-73,-96,-82,-110,-110,-110,-110,-110,-110,-110,-110,-110,-110,-110,-110,-110,-110,-110,-110,-110,-110,-110,-110,-110
16,1657875615,T13,-90,-73,-96,-82,-110,-110,-110,-110,-110,-110,-110,-110,-110,-110,-110,-110,-110,-110,-110,-110,-110,-110,-110,-110,-110
17,1657875616,T13,-90,-73,-96,-82,-110,-110,-110,-110,-110,-110,-110,-110,-110,-110,-110,-110,-110,-110,-110,-110,-110,-110,-110,-110,-110
0,1657875644,T14,-76,-69,-110,-110,-110,-94,-86,-110,-110,-110,-110,-110,-110,-110,-110,-110,-110,-110,-110,-110,-110,-110,-110,-110,-110
1,1657875645,T14,-76,-69,-110,-110,-110,-94,-86,-110,-110,-110,-110,-110,-110,-110,-110,-110,-110,-110,-110,-110,-110,-110,-110,-110,-110
2,1657875646,T14,-76,-69,-110,-110,-110,-94,-86,-110,-110,-110,-110,-110,-110,-110,-110,-110,-110,-110,-110,-110,-110,-110,-110,-110,-110
3,1657875647,T14,-76,-69,-110,-110,-110,-94,-86,-110,-110,-110,-110,-110,-110,-110,-110,-110,-110,-110,-110,-110,-110,-110,-110,-110,-110
4,1657875648,T14,-76,-69,-110,-110,-110,-94,-86,-110,-110,-110,-110,-110,-110,-110,-110,-110,-110,-110,-110,-110,-110,-110,-110,-110,-110
5,1657875649,T14,-76,-69,-110,-110,-110,-94,-86,-110,-110,-110,-110,-110,-110,-110,-110,-110,-110,-110,-110,-110,-110,-110,-110,-110,-110
6,1657875650,T14,-76,-69,-110,-110,-110,-94,-86,-110,-110,-110,-110,-110,-110,-110,-110,-110,-110,-110,-110,-110,-110,-110,-110,-110,-110
7,1657875651,T14,-76,-69,-110,-110,-110,-94,-86,-110,-110,-110,-110,-110,-110,-110,-110,-110,-110,-110,-110,-110,-110,-110,-110,-110,-110
8,1657875652,T14,-76,-69,-110,-110,-110,-94,-86,-110,-110,-110,-110,-110,-110,-110,-110,-110,-110,-110,-110,-110,-110,-110,-110,-110,-110
9,1657875653,T14,-76,-69,-110,-110,-110,-94,-86,-110,-110,-110,-110,-110,-110,-110,-110,-110,-110,-110,-110,-110,-110,-110,-110,-110,-110
10,1657875654,T14,-76,-69,-110,-110,-110,-94,-86,-110,-110,-110,-110,-110,-110,-110,-110,-110,-110,-110,-110,-110,-110,-110,-110,-110,-110
11,1657875655,T14,-76,-69,-110,-110,-110,-94,-86,-110,-110,-110,-110,-110,-110,-110,-110,-110,-110,-110,-110,-110,-110,-110,-110,-110,-110
12,1657875656,T14,-76,-69,-110,-110,-110,-94,-86,-110,-110,-110,-110,-110,-110,-110,-110,-110,-110,-110,-110,-110,-110,-110,-110,-110,-110
13,1657875657,T14,-76,-69,-110,-110,-110,-94,-86,-110,-110,-110,-110,-110,-110,-110,-110,-110,-110,-110,-110,-110,-110,-110,-110,-110,-110
14,1657875658,T14,-76,-69,-110,-110,-110,-94,-86,-110,-110,-110,-110,-110,-110,-110,-110,-110,-110,-110,-110,-110,-110,-110,-110,-110,-110
15,1657875659,T14,-76,-69,-110,-110,-110,-94,-86,-110,-110,-110,-110,-110,-110,-110,-110,-110,-110,-110,-110,-110,-110,-110,-110,-110,-110
16,1657875660,T14,-76,-69,-110,-110,-110,-94,-86,-110,-110,-110,-110,-110,-110,-110,-110,-110,-110,-110,-110,-110,-110,-110,-110,-110,-110
0,1657875709,T15,-87,-65,-110,-89,-110,-110,-110,-110,-110,-110,-110,-90,-110,-110,-110,-110,-110,-110,-110,-110,-110,-110,-110,-110,-110
1,1657875710,T15,-87,-65,-110,-89,-110,-110,-110,-110,-110,-110,-110,-90,-110,-110,-110,-110,-110,-110,-110,-110,-110,-110,-110,-110,-110
2,1657875712,T15,-87,-65,-110,-89,-110,-110,-110,-110,-110,-110,-110,-90,-110,-110,-110,-110,-110,-110,-110,-110,-110,-110,-110,-110,-110
3,1657875713,T15,-80,-66,-110,-110,-83,-110,-110,-97,-110,-110,-110,-110,-110,-110,-110,-110,-110,-110,-110,-110,-110,-110,-110,-110,-110
4,1657875714,T15,-80,-66,-110,-110,-83,-110,-110,-97,-110,-110,-110,-110,-110,-110,-110,-110,-110,-110,-110,-110,-110,-110,-110,-110,-110
5,1657875715,T15,-80,-66,-110,-110,-83,-110,-110,-97,-110,-110,-110,-110,-110,-110,-110,-110,-110,-110,-110,-110,-110,-110,-110,-110,-110
6,1657875716,T15,-80,-66,-110,-110,-83,-110,-110,-97,-110,-110,-110,-110,-110,-110,-110,-110,-110,-110,-110,-110,-110,-110,-110,-110,-110
7,1657875717,T15,-80,-66,-110,-110,-83,-110,-110,-97,-110,-110,-110,-110,-110,-110,-110,-110,-110,-110,-110,-110,-110,-110,-110,-110,-110
8,1657875718,T15,-80,-66,-110,-110,-83,-110,-110,-97,-110,-110,-110,-110,-110,-110,-110,-110,-110,-110,-110,-110,-110,-110,-110,-110,-110
9,1657875719,T15,-80,-66,-110,-110,-83,-110,-110,-97,-110,-110,-110,-110,-110,-110,-110,-110,-110,-110,-110,-110,-110,-110,-110,-110,-110
10,1657875720,T15,-80,-66,-110,-110,-83,-110,-110,-97,-110,-110,-110,-110,-110,-110,-110,-110,-110,-110,-110,-110,-110,-110,-110,-110,-110
11,1657875721,T15,-80,-66,-110,-110,-83,-110,-110,-97,-110,-110,-110,-110,-110,-110,-110,-110,-110,-110,-110,-110,-110,-110,-110,-110,-110
12,1657875722,T15,-80,-66,-110,-110,-83,-110,-110,-97,-110,-110,-110,-110,-110,-110,-110,-110,-110,-110,-110,-110,-110,-110,-110,-110,-110
13,1657875723,T15,-80,-66,-110,-110,-83,-110,-110,-97,-110,-110,-110,-110,-110,-110,-110,-110,-110,-110,-110,-110,-110,-110,-110,-110,-110
14,1657875724,T15,-80,-66,-110,-110,-83,-110,-110,-97,-110,-110,-110,-110,-110,-110,-110,-110,-110,-110,-110,-110,-110,-110,-110,-110,-110
15,1657875725,T15,-80,-66,-110,-110,-83,-110,-110,-97,-110,-110,-110,-110,-110,-110,-110,-110,-110,-110,-110,-110,-110,-110,-110,-110,-110
16,1657875726,T15,-80,-66,-110,-110,-83,-110,-110,-97,-110,-110,-110,-110,-110,-110,-110,-110,-110,-110,-110,-110,-110,-110,-110,-110,-110
17,1657875727,T15,-80,-66,-110,-110,-83,-110,-110,-97,-110,-110,-110,-110,-110,-110,-110,-110,-110,-110,-110,-110,-110,-110,-110,-110,-110
18,1657875728,T15,-80,-66,-110,-110,-83,-110,-110,-97,-110,-110,-110,-110,-110,-110,-110,-110,-110,-110,-110,-110,-110,-110,-110,-110,-110
19,1657875729,T15,-80,-66,-110,-110,-83,-110,-110,-97,-110,-110,-110,-110,-110,-110,-110,-110,-110,-110,-110,-110,-110,-110,-110,-110,-110
20,1657875730,T15,-80,-66,-110,-110,-83,-110,-110,-97,-110,-110,-110,-110,-110,-110,-110,-110,-110,-110,-110,-110,-110,-110,-110,-110,-110
21,1657875731,T15,-80,-66,-110,-110,-83,-110,-110,-97,-110,-110,-110,-110,-110,-110,-110,-110,-110,-110,-110,-110,-110,-110,-110,-110,-110
22,1657875732,T15,-80,-66,-110,-110,-83,-110,-110,-97,-110,-110,-110,-110,-110,-110,-110,-110,-110,-110,-110,-110,-110,-110,-110,-110,-110
0,1657875766,T16,-80,-66,-110,-110,-83,-110,-110,-97,-110,-110,-110,-110,-110,-110,-110,-110,-110,-110,-110,-110,-110,-110,-110,-110,-110
1,1657875767,T16,-80,-66,-110,-110,-83,-110,-110,-97,-110,-110,-110,-110,-110,-110,-110,-110,-110,-110,-110,-110,-110,-110,-110,-110,-110
2,1657875768,T16,-80,-66,-110,-110,-83,-110,-110,-97,-110,-110,-110,-110,-110,-110,-110,-110,-110,-110,-110,-110,-110,-110,-110,-110,-110
3,1657875769,T16,-80,-66,-110,-110,-83,-110,-110,-97,-110,-110,-110,-110,-110,-110,-110,-110,-110,-110,-110,-110,-110,-110,-110,-110,-110
4,1657875770,T16,-80,-66,-110,-110,-83,-110,-110,-97,-110,-110,-110,-110,-110,-110,-110,-110,-110,-110,-110,-110,-110,-110,-110,-110,-110
5,1657875771,T16,-80,-66,-110,-110,-83,-110,-110,-97,-110,-110,-110,-110,-110,-110,-110,-110,-110,-110,-110,-110,-110,-110,-110,-110,-110
6,1657875772,T16,-80,-66,-110,-110,-83,-110,-110,-97,-110,-110,-110,-110,-110,-110,-110,-110,-110,-110,-110,-110,-110,-110,-110,-110,-110
7,1657875773,T16,-80,-66,-110,-110,-83,-110,-110,-97,-110,-110,-110,-110,-110,-110,-110,-110,-110,-110,-110,-110,-110,-110,-110,-110,-110
8,1657875774,T16,-80,-66,-110,-110,-83,-110,-110,-97,-110,-110,-110,-110,-110,-110,-110,-110,-110,-110,-110,-110,-110,-110,-110,-110,-110
9,1657875775,T16,-80,-66,-110,-110,-83,-110,-110,-97,-110,-110,-110,-110,-110,-110,-110,-110,-110,-110,-110,-110,-110,-110,-110,-110,-110
10,1657875776,T16,-80,-66,-110,-110,-83,-110,-110,-97,-110,-110,-110,-110,-110,-110,-110,-110,-110,-110,-110,-110,-110,-110,-110,-110,-110
11,1657875777,T16,-80,-66,-110,-110,-83,-110,-110,-97,-110,-110,-110,-110,-110,-110,-110,-110,-110,-110,-110,-110,-110,-110,-110,-110,-110
12,1657875778,T16,-80,-66,-110,-110,-83,-110,-110,-97,-110,-110,-110,-110,-110,-110,-110,-110,-110,-110,-110,-110,-110,-110,-110,-110,-110
13,1657875779,T16,-80,-66,-110,-110,-83,-110,-110,-97,-110,-110,-110,-110,-110,-110,-110,-110,-110,-110,-110,-110,-110,-110,-110,-110,-110
14,1657875780,T16,-80,-66,-110,-110,-83,-110,-110,-97,-110,-110,-110,-110,-110,-110,-110,-110,-110,-110,-110,-110,-110,-110,-110,-110,-110
15,1657875781,T16,-80,-66,-110,-110,-83,-110,-110,-97,-110,-110,-110,-110,-110,-110,-110,-110,-110,-110,-110,-110,-110,-110,-110,-110,-110
16,1657875782,T16,-85,-68,-110,-85,-110,-94,-110,-93,-89,-96,-110,-110,-110,-110,-110,-110,-110,-110,-110,-110,-110,-110,-110,-110,-110
17,1657875783,T16,-85,-68,-110,-85,-110,-94,-110,-93,-89,-96,-110,-110,-110,-110,-110,-110,-110,-110,-110,-110,-110,-110,-110,-110,-110
18,1657875784,T16,-85,-68,-110,-85,-110,-94,-110,-93,-89,-96,-110,-110,-110,-110,-110,-110,-110,-110,-110,-110,-110,-110,-110,-110,-110
19,1657875785,T16,-85,-68,-110,-85,-110,-94,-110,-93,-89,-96,-110,-110,-110,-110,-110,-110,-110,-110,-110,-110,-110,-110,-110,-110,-110
20,1657875786,T16,-85,-68,-110,-85,-110,-94,-110,-93,-89,-96,-110,-110,-110,-110,-110,-110,-110,-110,-110,-110,-110,-110,-110,-110,-110
21,1657875787,T16,-85,-68,-110,-85,-110,-94,-110,-93,-89,-96,-110,-110,-110,-110,-110,-110,-110,-110,-110,-110,-110,-110,-110,-110,-110
0,1657875822,T17,-85,-68,-110,-85,-110,-94,-110,-93,-89,-96,-110,-110,-110,-110,-110,-110,-110,-110,-110,-110,-110,-110,-110,-110,-110
1,1657875823,T17,-85,-68,-110,-85,-110,-94,-110,-93,-89,-96,-110,-110,-110,-110,-110,-110,-110,-110,-110,-110,-110,-110,-110,-110,-110
2,1657875824,T17,-85,-68,-110,-85,-110,-94,-110,-93,-89,-96,-110,-110,-110,-110,-110,-110,-110,-110,-110,-110,-110,-110,-110,-110,-110
3,1657875825,T17,-85,-68,-110,-85,-110,-94,-110,-93,-89,-96,-110,-110,-110,-110,-110,-110,-110,-110,-110,-110,-110,-110,-110,-110,-110
4,1657875826,T17,-85,-68,-110,-85,-110,-94,-110,-93,-89,-96,-110,-110,-110,-110,-110,-110,-110,-110,-110,-110,-110,-110,-110,-110,-110
5,1657875827,T17,-85,-68,-110,-85,-110,-94,-110,-93,-89,-96,-110,-110,-110,-110,-110,-110,-110,-110,-110,-110,-110,-110,-110,-110,-110
6,1657875828,T17,-85,-68,-110,-85,-110,-94,-110,-93,-89,-96,-110,-110,-110,-110,-110,-110,-110,-110,-110,-110,-110,-110,-110,-110,-110
7,1657875829,T17,-85,-68,-110,-85,-110,-94,-110,-93,-89,-96,-110,-110,-110,-110,-110,-110,-110,-110,-110,-110,-110,-110,-110,-110,-110
8,1657875830,T17,-85,-68,-110,-85,-110,-94,-110,-93,-89,-96,-110,-110,-110,-110,-110,-110,-110,-110,-110,-110,-110,-110,-110,-110,-110
9,1657875831,T17,-85,-68,-110,-85,-110,-94,-110,-93,-89,-96,-110,-110,-110,-110,-110,-110,-110,-110,-110,-110,-110,-110,-110,-110,-110
10,1657875832,T17,-85,-68,-110,-85,-110,-94,-110,-93,-89,-96,-110,-110,-110,-110,-110,-110,-110,-110,-110,-110,-110,-110,-110,-110,-110
11,1657875833,T17,-83,-62,-110,-85,-82,-110,-110,-110,-110,-94,-110,-110,-110,-110,-110,-110,-110,-110,-110,-110,-110,-110,-110,-110,-110
12,1657875834,T17,-83,-62,-110,-85,-82,-110,-110,-110,-110,-94,-110,-110,-110,-110,-110,-110,-110,-110,-110,-110,-110,-110,-110,-110,-110
13,1657875835,T17,-83,-62,-110,-85,-82,-110,-110,-110,-110,-94,-110,-110,-110,-110,-110,-110,-110,-110,-110,-110,-110,-110,-110,-110,-110
14,1657875836,T17,-83,-62,-110,-85,-82,-110,-110,-110,-110,-94,-110,-110,-110,-110,-110,-110,-110,-110,-110,-110,-110,-110,-110,-110,-110
15,1657875837,T17,-83,-62,-110,-85,-82,-110,-110,-110,-110,-94,-110,-110,-110,-110,-110,-110,-110,-110,-110,-110,-110,-110,-110,-110,-110
16,1657875838,T17,-83,-62,-110,-85,-82,-110,-110,-110,-110,-94,-110,-110,-110,-110,-110,-110,-110,-110,-110,-110,-110,-110,-110,-110,-110
17,1657875839,T17,-83,-62,-110,-85,-82,-110,-110,-110,-110,-94,-110,-110,-110,-110,-110,-110,-110,-110,-110,-110,-110,-110,-110,-110,-110
0,1657875865,T18,-82,-65,-110,-110,-84,-94,-79,-110,-79,-96,-110,-110,-110,-110,-110,-110,-110,-110,-110,-110,-110,-110,-110,-110,-110
1,1657875866,T18,-82,-65,-110,-110,-84,-94,-79,-110,-79,-96,-110,-110,-110,-110,-110,-110,-110,-110,-110,-110,-110,-110,-110,-110,-110
2,1657875867,T18,-82,-65,-110,-110,-84,-94,-79,-110,-79,-96,-110,-110,-110,-110,-110,-110,-110,-110,-110,-110,-110,-110,-110,-110,-110
3,1657875869,T18,-82,-65,-110,-110,-84,-94,-79,-110,-79,-96,-110,-110,-110,-110,-110,-110,-110,-110,-110,-110,-110,-110,-110,-110,-110
4,1657875871,T18,-82,-65,-110,-110,-84,-94,-79,-110,-79,-96,-110,-110,-110,-110,-110,-110,-110,-110,-110,-110,-110,-110,-110,-110,-110
5,1657875873,T18,-82,-65,-110,-110,-84,-94,-79,-110,-79,-96,-110,-110,-110,-110,-110,-110,-110,-110,-110,-110,-110,-110,-110,-110,-110
6,1657875874,T18,-82,-65,-110,-110,-84,-94,-79,-110,-79,-96,-110,-110,-110,-110,-110,-110,-110,-110,-110,-110,-110,-110,-110,-110,-110
7,1657875875,T18,-82,-65,-110,-110,-84,-94,-79,-110,-79,-96,-110,-110,-110,-110,-110,-110,-110,-110,-110,-110,-110,-110,-110,-110,-110
8,1657875877,T18,-82,-65,-110,-110,-84,-94,-79,-110,-79,-96,-110,-110,-110,-110,-110,-110,-110,-110,-110,-110,-110,-110,-110,-110,-110
9,1657875878,T18,-82,-65,-110,-110,-84,-94,-79,-110,-79,-96,-110,-110,-110,-110,-110,-110,-110,-110,-110,-110,-110,-110,-110,-110,-110
10,1657875879,T18,-82,-65,-110,-110,-84,-94,-79,-110,-79,-96,-110,-110,-110,-110,-110,-110,-110,-110,-110,-110,-110,-110,-110,-110,-110
11,1657875880,T18,-82,-65,-110,-110,-84,-94,-79,-110,-79,-96,-110,-110,-110,-110,-110,-110,-110,-110,-110,-110,-110,-110,-110,-110,-110
12,1657875881,T18,-82,-65,-110,-110,-84,-94,-79,-110,-79,-96,-110,-110,-110,-110,-110,-110,-110,-110,-110,-110,-110,-110,-110,-110,-110
13,1657875882,T18,-82,-65,-110,-110,-84,-94,-79,-110,-79,-96,-110,-110,-110,-110,-110,-110,-110,-110,-110,-110,-110,-110,-110,-110,-110
14,1657875883,T18,-82,-65,-110,-110,-84,-94,-79,-110,-79,-96,-110,-110,-110,-110,-110,-110,-110,-110,-110,-110,-110,-110,-110,-110,-110
15,1657875884,T18,-82,-65,-110,-110,-84,-94,-79,-110,-79,-96,-110,-110,-110,-110,-110,-110,-110,-110,-110,-110,-110,-110,-110,-110,-110
16,1657875885,T18,-82,-65,-110,-110,-84,-94,-79,-110,-79,-96,-110,-110,-110,-110,-110,-110,-110,-110,-110,-110,-110,-110,-110,-110,-110
17,1657875886,T18,-82,-65,-110,-110,-84,-94,-79,-110,-79,-96,-110,-110,-110,-110,-110,-110,-110,-110,-110,-110,-110,-110,-110,-110,-110
18,1657875887,T18,-82,-65,-110,-110,-84,-94,-79,-110,-79,-96,-110,-110,-110,-110,-110,-110,-110,-110,-110,-110,-110,-110,-110,-110,-110
0,1657875064,T1,-83,-92,-92,-66,-80,-82,-110,-110,-110,-110,-110,-110,-110,-110,-110,-110,-110,-110,-110,-110,-110,-110,-110,-110,-110
1,1657875065,T1,-83,-92,-92,-66,-80,-82,-110,-110,-110,-110,-110,-110,-110,-110,-110,-110,-110,-110,-110,-110,-110,-110,-110,-110,-110
2,1657875066,T1,-83,-92,-92,-66,-80,-82,-110,-110,-110,-110,-110,-110,-110,-110,-110,-110,-110,-110,-110,-110,-110,-110,-110,-110,-110
3,1657875067,T1,-83,-92,-92,-66,-80,-82,-110,-110,-110,-110,-110,-110,-110,-110,-110,-110,-110,-110,-110,-110,-110,-110,-110,-110,-110
4,1657875068,T1,-83,-92,-92,-66,-80,-82,-110,-110,-110,-110,-110,-110,-110,-110,-110,-110,-110,-110,-110,-110,-110,-110,-110,-110,-110
5,1657875069,T1,-83,-92,-92,-66,-80,-82,-110,-110,-110,-110,-110,-110,-110,-110,-110,-110,-110,-110,-110,-110,-110,-110,-110,-110,-110
6,1657875070,T1,-89,-93,-92,-61,-90,-83,-110,-110,-110,-110,-110,-110,-110,-110,-110,-110,-110,-110,-110,-110,-110,-110,-110,-110,-110
7,1657875071,T1,-89,-93,-92,-61,-90,-83,-110,-110,-110,-110,-110,-110,-110,-110,-110,-110,-110,-110,-110,-110,-110,-110,-110,-110,-110
8,1657875072,T1,-89,-93,-92,-61,-90,-83,-110,-110,-110,-110,-110,-110,-110,-110,-110,-110,-110,-110,-110,-110,-110,-110,-110,-110,-110
9,1657875073,T1,-89,-93,-92,-61,-90,-83,-110,-110,-110,-110,-110,-110,-110,-110,-110,-110,-110,-110,-110,-110,-110,-110,-110,-110,-110
10,1657875074,T1,-89,-93,-92,-61,-90,-83,-110,-110,-110,-110,-110,-110,-110,-110,-110,-110,-110,-110,-110,-110,-110,-110,-110,-110,-110
11,1657875075,T1,-89,-93,-92,-61,-90,-83,-110,-110,-110,-110,-110,-110,-110,-110,-110,-110,-110,-110,-110,-110,-110,-110,-110,-110,-110
12,1657875076,T1,-82,-93,-92,-60,-78,-80,-110,-110,-110,-110,-110,-110,-110,-110,-110,-110,-110,-110,-110,-110,-110,-110,-110,-110,-110
13,1657875077,T1,-82,-93,-92,-60,-78,-80,-110,-110,-110,-110,-110,-110,-110,-110,-110,-110,-110,-110,-110,-110,-110,-110,-110,-110,-110
14,1657875078,T1,-82,-93,-92,-60,-78,-80,-110,-110,-110,-110,-110,-110,-110,-110,-110,-110,-110,-110,-110,-110,-110,-110,-110,-110,-110
15,1657875079,T1,-82,-93,-92,-60,-78,-80,-110,-110,-110,-110,-110,-110,-110,-110,-110,-110,-110,-110,-110,-110,-110,-110,-110,-110,-110
16,1657875080,T1,-82,-93,-92,-60,-78,-80,-110,-110,-110,-110,-110,-110,-110,-110,-110,-110,-110,-110,-110,-110,-110,-110,-110,-110,-110
17,1657875081,T1,-82,-93,-92,-60,-78,-80,-110,-110,-110,-110,-110,-110,-110,-110,-110,-110,-110,-110,-110,-110,-110,-110,-110,-110,-110
0,1657875107,T2,-92,-93,-83,-55,-78,-84,-91,-83,-110,-110,-110,-110,-110,-110,-110,-110,-110,-110,-110,-110,-110,-110,-110,-110,-110
1,1657875108,T2,-92,-93,-83,-55,-78,-84,-91,-83,-110,-110,-110,-110,-110,-110,-110,-110,-110,-110,-110,-110,-110,-110,-110,-110,-110
2,1657875109,T2,-75,-93,-85,-68,-80,-74,-91,-89,-110,-110,-110,-110,-110,-110,-110,-110,-110,-110,-110,-110,-110,-110,-110,-110,-110
3,1657875110,T2,-75,-110,-85,-68,-80,-74,-91,-89,-110,-110,-110,-110,-110,-110,-110,-110,-110,-110,-110,-110,-110,-110,-110,-110,-110
4,1657875111,T2,-75,-110,-85,-68,-80,-74,-91,-89,-110,-110,-110,-110,-110,-110,-110,-110,-110,-110,-110,-110,-110,-110,-110,-110,-110
5,1657875112,T2,-75,-110,-85,-68,-80,-74,-91,-89,-110,-110,-110,-110,-110,-110,-110,-110,-110,-110,-110,-110,-110,-110,-110,-110,-110
6,1657875113,T2,-75,-110,-85,-68,-80,-74,-91,-89,-110,-110,-110,-110,-110,-110,-110,-110,-110,-110,-110,-110,-110,-110,-110,-110,-110
7,1657875114,T2,-75,-110,-85,-68,-80,-74,-91,-89,-110,-110,-110,-110,-110,-110,-110,-110,-110,-110,-110,-110,-110,-110,-110,-110,-110
8,1657875115,T2,-79,-110,-85,-63,-87,-83,-92,-84,-110,-110,-110,-110,-110,-110,-110,-110,-110,-110,-110,-110,-110,-110,-110,-110,-110
9,1657875116,T2,-79,-110,-85,-63,-87,-83,-92,-84,-110,-110,-110,-110,-110,-110,-110,-110,-110,-110,-110,-110,-110,-110,-110,-110,-110
10,1657875117,T2,-79,-110,-85,-63,-87,-83,-92,-84,-110,-110,-110,-110,-110,-110,-110,-110,-110,-110,-110,-110,-110,-110,-110,-110,-110
11,1657875118,T2,-79,-110,-85,-63,-87,-83,-92,-84,-110,-110,-110,-110,-110,-110,-110,-110,-110,-110,-110,-110,-110,-110,-110,-110,-110
12,1657875119,T2,-79,-110,-85,-63,-87,-83,-92,-84,-110,-110,-110,-110,-110,-110,-110,-110,-110,-110,-110,-110,-110,-110,-110,-110,-110
13,1657875120,T2,-79,-110,-85,-63,-87,-83,-92,-84,-110,-110,-110,-110,-110,-110,-110,-110,-110,-110,-110,-110,-110,-110,-110,-110,-110
0,1657875146,T3,-77,-110,-85,-67,-87,-82,-90,-84,-110,-110,-110,-110,-110,-110,-110,-110,-110,-110,-110,-110,-110,-110,-110,-110,-110
1,1657875147,T3,-77,-110,-85,-67,-87,-82,-90,-84,-110,-110,-110,-110,-110,-110,-110,-110,-110,-110,-110,-110,-110,-110,-110,-110,-110
2,1657875148,T3,-77,-110,-85,-67,-87,-82,-90,-84,-110,-110,-110,-110,-110,-110,-110,-110,-110,-110,-110,-110,-110,-110,-110,-110,-110
3,1657875149,T3,-77,-110,-85,-67,-87,-82,-90,-84,-110,-110,-110,-110,-110,-110,-110,-110,-110,-110,-110,-110,-110,-110,-110,-110,-110
4,1657875150,T3,-77,-110,-85,-67,-87,-82,-90,-84,-110,-110,-110,-110,-110,-110,-110,-110,-110,-110,-110,-110,-110,-110,-110,-110,-110
5,1657875151,T3,-77,-110,-85,-67,-87,-82,-90,-84,-110,-110,-110,-110,-110,-110,-110,-110,-110,-110,-110,-110,-110,-110,-110,-110,-110
6,1657875152,T3,-77,-110,-92,-64,-87,-82,-91,-90,-110,-110,-110,-110,-110,-110,-110,-110,-110,-110,-110,-110,-110,-110,-110,-110,-110
7,1657875153,T3,-77,-110,-92,-64,-87,-82,-91,-90,-110,-110,-110,-110,-110,-110,-110,-110,-110,-110,-110,-110,-110,-110,-110,-110,-110
8,1657875154,T3,-77,-110,-92,-64,-87,-82,-91,-90,-110,-110,-110,-110,-110,-110,-110,-110,-110,-110,-110,-110,-110,-110,-110,-110,-110
9,1657875155,T3,-77,-110,-92,-64,-110,-82,-91,-90,-110,-110,-110,-110,-110,-110,-110,-110,-110,-110,-110,-110,-110,-110,-110,-110,-110
10,1657875156,T3,-77,-110,-92,-64,-110,-82,-91,-90,-110,-110,-110,-110,-110,-110,-110,-110,-110,-110,-110,-110,-110,-110,-110,-110,-110
11,1657875157,T3,-77,-110,-92,-64,-110,-82,-91,-90,-110,-110,-110,-110,-110,-110,-110,-110,-110,-110,-110,-110,-110,-110,-110,-110,-110
12,1657875158,T3,-77,-110,-92,-64,-110,-82,-91,-90,-110,-110,-110,-110,-110,-110,-110,-110,-110,-110,-110,-110,-110,-110,-110,-110,-110
13,1657875159,T3,-83,-110,-83,-68,-82,-78,-91,-84,-110,-110,-110,-110,-110,-110,-110,-110,-110,-110,-110,-110,-110,-110,-110,-110,-110
14,1657875160,T3,-83,-110,-83,-68,-82,-78,-91,-84,-110,-110,-110,-110,-110,-110,-110,-110,-110,-110,-110,-110,-110,-110,-110,-110,-110
15,1657875161,T3,-83,-110,-83,-68,-82,-78,-91,-84,-110,-110,-110,-110,-110,-110,-110,-110,-110,-110,-110,-110,-110,-110,-110,-110,-110
0,1657875185,T4,-91,-90,-85,-58,-78,-84,-91,-85,-110,-110,-110,-110,-110,-110,-110,-110,-110,-110,-110,-110,-110,-110,-110,-110,-110
1,1657875186,T4,-91,-90,-85,-58,-78,-84,-91,-85,-110,-110,-110,-110,-110,-110,-110,-110,-110,-110,-110,-110,-110,-110,-110,-110,-110
2,1657875187,T4,-91,-90,-85,-58,-78,-84,-91,-85,-110,-110,-110,-110,-110,-110,-110,-110,-110,-110,-110,-110,-110,-110,-110,-110,-110
3,1657875188,T4,-91,-90,-85,-58,-78,-84,-91,-85,-110,-110,-110,-110,-110,-110,-110,-110,-110,-110,-110,-110,-110,-110,-110,-110,-110
4,1657875189,T4,-91,-90,-85,-58,-78,-84,-91,-85,-110,-110,-110,-110,-110,-110,-110,-110,-110,-110,-110,-110,-110,-110,-110,-110,-110
5,1657875190,T4,-91,-90,-85,-58,-78,-84,-91,-85,-110,-110,-110,-110,-110,-110,-110,-110,-110,-110,-110,-110,-110,-110,-110,-110,-110
6,1657875191,T4,-91,-90,-85,-58,-78,-84,-91,-85,-110,-110,-110,-110,-110,-110,-110,-110,-110,-110,-110,-110,-110,-110,-110,-110,-110
7,1657875192,T4,-91,-90,-85,-58,-78,-84,-110,-85,-110,-110,-110,-110,-110,-110,-110,-110,-110,-110,-110,-110,-110,-110,-110,-110,-110
8,1657875193,T4,-91,-90,-85,-58,-78,-84,-110,-85,-110,-110,-110,-110,-110,-110,-110,-110,-110,-110,-110,-110,-110,-110,-110,-110,-110
9,1657875194,T4,-91,-90,-85,-58,-78,-84,-110,-85,-110,-110,-110,-110,-110,-110,-110,-110,-110,-110,-110,-110,-110,-110,-110,-110,-110
10,1657875195,T4,-91,-90,-85,-58,-78,-84,-110,-85,-110,-110,-110,-110,-110,-110,-110,-110,-110,-110,-110,-110,-110,-110,-110,-110,-110
11,1657875196,T4,-91,-90,-85,-58,-78,-84,-110,-85,-110,-110,-110,-110,-110,-110,-110,-110,-110,-110,-110,-110,-110,-110,-110,-110,-110
12,1657875197,T4,-91,-90,-85,-58,-78,-84,-110,-85,-110,-110,-110,-110,-110,-110,-110,-110,-110,-110,-110,-110,-110,-110,-110,-110,-110
0,1657875224,T5,-80,-91,-85,-68,-77,-80,-110,-83,-110,-110,-110,-110,-110,-110,-110,-110,-110,-110,-110,-110,-110,-110,-110,-110,-110
1,1657875225,T5,-80,-91,-85,-68,-77,-80,-110,-83,-110,-110,-110,-110,-110,-110,-110,-110,-110,-110,-110,-110,-110,-110,-110,-110,-110
2,1657875226,T5,-80,-91,-85,-68,-77,-80,-110,-83,-110,-110,-110,-110,-110,-110,-110,-110,-110,-110,-110,-110,-110,-110,-110,-110,-110
3,1657875227,T5,-80,-91,-85,-68,-77,-80,-110,-83,-110,-110,-110,-110,-110,-110,-110,-110,-110,-110,-110,-110,-110,-110,-110,-110,-110
4,1657875228,T5,-80,-91,-85,-68,-77,-80,-110,-83,-110,-110,-110,-110,-110,-110,-110,-110,-110,-110,-110,-110,-110,-110,-110,-110,-110
5,1657875229,T5,-80,-91,-85,-68,-77,-80,-110,-83,-110,-110,-110,-110,-110,-110,-110,-110,-110,-110,-110,-110,-110,-110,-110,-110,-110
6,1657875230,T5,-80,-91,-85,-68,-77,-80,-110,-83,-110,-110,-110,-110,-110,-110,-110,-110,-110,-110,-110,-110,-110,-110,-110,-110,-110
7,1657875231,T5,-80,-91,-85,-68,-77,-80,-110,-83,-110,-110,-110,-110,-110,-110,-110,-110,-110,-110,-110,-110,-110,-110,-110,-110,-110
8,1657875232,T5,-80,-91,-85,-68,-77,-80,-110,-83,-110,-110,-110,-110,-110,-110,-110,-110,-110,-110,-110,-110,-110,-110,-110,-110,-110
9,1657875233,T5,-80,-91,-85,-68,-77,-80,-110,-83,-110,-110,-110,-110,-110,-110,-110,-110,-110,-110,-110,-110,-110,-110,-110,-110,-110
10,1657875234,T5,-80,-91,-85,-68,-77,-80,-110,-83,-110,-110,-110,-110,-110,-110,-110,-110,-110,-110,-110,-110,-110,-110,-110,-110,-110
11,1657875235,T5,-80,-91,-85,-68,-77,-80,-110,-83,-110,-110,-110,-110,-110,-110,-110,-110,-110,-110,-110,-110,-110,-110,-110,-110,-110
12,1657875236,T5,-80,-110,-85,-68,-77,-80,-110,-83,-110,-110,-110,-110,-110,-110,-110,-110,-110,-110,-110,-110,-110,-110,-110,-110,-110
13,1657875237,T5,-81,-93,-88,-60,-72,-78,-92,-83,-110,-110,-110,-110,-110,-110,-110,-110,-110,-110,-110,-110,-110,-110,-110,-110,-110
14,1657875238,T5,-81,-93,-88,-60,-72,-78,-92,-83,-110,-110,-110,-110,-110,-110,-110,-110,-110,-110,-110,-110,-110,-110,-110,-110,-110
15,1657875239,T5,-76,-93,-91,-59,-80,-88,-92,-83,-89,-110,-110,-110,-110,-110,-110,-110,-110,-110,-110,-110,-110,-110,-110,-110,-110
16,1657875240,T5,-76,-93,-91,-59,-80,-88,-92,-83,-89,-110,-110,-110,-110,-110,-110,-110,-110,-110,-110,-110,-110,-110,-110,-110,-110
17,1657875241,T5,-76,-93,-91,-59,-80,-88,-92,-83,-89,-110,-110,-110,-110,-110,-110,-110,-110,-110,-110,-110,-110,-110,-110,-110,-110
18,1657875242,T5,-76,-93,-91,-59,-80,-88,-92,-83,-89,-110,-110,-110,-110,-110,-110,-110,-110,-110,-110,-110,-110,-110,-110,-110,-110
19,1657875243,T5,-76,-93,-91,-59,-80,-88,-92,-83,-89,-110,-110,-110,-110,-110,-110,-110,-110,-110,-110,-110,-110,-110,-110,-110,-110
20,1657875244,T5,-76,-93,-91,-59,-80,-88,-92,-83,-89,-110,-110,-110,-110,-110,-110,-110,-110,-110,-110,-110,-110,-110,-110,-110,-110
0,1657875271,T6,-83,-110,-82,-68,-79,-74,-93,-89,-89,-93,-110,-110,-110,-110,-110,-110,-110,-110,-110,-110,-110,-110,-110,-110,-110
1,1657875272,T6,-83,-110,-82,-68,-79,-74,-93,-89,-89,-93,-110,-110,-110,-110,-110,-110,-110,-110,-110,-110,-110,-110,-110,-110,-110
2,1657875273,T6,-83,-110,-82,-68,-79,-74,-93,-89,-89,-93,-110,-110,-110,-110,-110,-110,-110,-110,-110,-110,-110,-110,-110,-110,-110
3,1657875274,T6,-83,-110,-82,-68,-79,-74,-93,-89,-89,-93,-110,-110,-110,-110,-110,-110,-110,-110,-110,-110,-110,-110,-110,-110,-110
4,1657875275,T6,-77,-92,-87,-65,-79,-85,-93,-87,-91,-93,-110,-110,-110,-110,-110,-110,-110,-110,-110,-110,-110,-110,-110,-110,-110
5,1657875276,T6,-77,-92,-87,-65,-79,-85,-93,-87,-91,-93,-110,-110,-110,-110,-110,-110,-110,-110,-110,-110,-110,-110,-110,-110,-110
6,1657875277,T6,-77,-92,-87,-65,-79,-85,-93,-87,-91,-93,-110,-110,-110,-110,-110,-110,-110,-110,-110,-110,-110,-110,-110,-110,-110
7,1657875278,T6,-77,-92,-87,-65,-79,-85,-93,-87,-91,-93,-110,-110,-110,-110,-110,-110,-110,-110,-110,-110,-110,-110,-110,-110,-110
8,1657875279,T6,-77,-92,-87,-65,-79,-85,-93,-87,-91,-93,-110,-110,-110,-110,-110,-110,-110,-110,-110,-110,-110,-110,-110,-110,-110
9,1657875280,T6,-77,-92,-87,-65,-79,-85,-93,-87,-91,-93,-110,-110,-110,-110,-110,-110,-110,-110,-110,-110,-110,-110,-110,-110,-110
10,1657875281,T6,-77,-92,-87,-65,-79,-85,-93,-87,-91,-93,-110,-110,-110,-110,-110,-110,-110,-110,-110,-110,-110,-110,-110,-110,-110
11,1657875282,T6,-77,-92,-87,-65,-79,-85,-93,-87,-91,-93,-110,-110,-110,-110,-110,-110,-110,-110,-110,-110,-110,-110,-110,-110,-110
12,1657875283,T6,-77,-92,-87,-65,-79,-85,-93,-87,-91,-93,-110,-110,-110,-110,-110,-110,-110,-110,-110,-110,-110,-110,-110,-110,-110
13,1657875284,T6,-77,-92,-87,-65,-79,-85,-110,-87,-91,-110,-110,-110,-110,-110,-110,-110,-110,-110,-110,-110,-110,-110,-110,-110,-110
14,1657875285,T6,-77,-92,-87,-65,-110,-85,-110,-87,-91,-110,-110,-110,-110,-110,-110,-110,-110,-110,-110,-110,-110,-110,-110,-110,-110
15,1657875286,T6,-77,-92,-87,-65,-110,-85,-110,-87,-91,-110,-110,-110,-110,-110,-110,-110,-110,-110,-110,-110,-110,-110,-110,-110,-110
16,1657875287,T6,-77,-92,-87,-65,-110,-85,-110,-87,-91,-110,-110,-110,-110,-110,-110,-110,-110,-110,-110,-110,-110,-110,-110,-110,-110
0,1657875312,T7,-78,-92,-82,-62,-78,-84,-110,-82,-89,-110,-110,-110,-110,-110,-110,-110,-110,-110,-110,-110,-110,-110,-110,-110,-110
1,1657875313,T7,-78,-92,-82,-62,-78,-84,-110,-82,-89,-110,-110,-110,-110,-110,-110,-110,-110,-110,-110,-110,-110,-110,-110,-110,-110
2,1657875314,T7,-78,-92,-82,-62,-78,-84,-110,-82,-89,-110,-110,-110,-110,-110,-110,-110,-110,-110,-110,-110,-110,-110,-110,-110,-110
3,1657875315,T7,-78,-92,-82,-62,-78,-84,-110,-82,-89,-110,-110,-110,-110,-110,-110,-110,-110,-110,-110,-110,-110,-110,-110,-110,-110
4,1657875316,T7,-78,-92,-82,-62,-78,-84,-110,-82,-89,-110,-110,-110,-110,-110,-110,-110,-110,-110,-110,-110,-110,-110,-110,-110,-110
5,1657875317,T7,-78,-110,-82,-62,-78,-84,-110,-82,-89,-110,-110,-110,-110,-110,-110,-110,-110,-110,-110,-110,-110,-110,-110,-110,-110
6,1657875318,T7,-76,-91,-85,-61,-78,-83,-110,-86,-89,-110,-110,-110,-110,-110,-110,-110,-110,-110,-110,-110,-110,-110,-110,-110,-110
7,1657875319,T7,-76,-91,-85,-61,-78,-83,-110,-86,-89,-110,-110,-110,-110,-110,-110,-110,-110,-110,-110,-110,-110,-110,-110,-110,-110
8,1657875320,T7,-76,-91,-85,-61,-78,-83,-110,-86,-89,-110,-110,-110,-110,-110,-110,-110,-110,-110,-110,-110,-110,-110,-110,-110,-110
9,1657875321,T7,-76,-91,-85,-61,-78,-83,-110,-86,-89,-110,-110,-110,-110,-110,-110,-110,-110,-110,-110,-110,-110,-110,-110,-110,-110
10,1657875322,T7,-76,-91,-85,-61,-78,-83,-110,-86,-89,-110,-110,-110,-110,-110,-110,-110,-110,-110,-110,-110,-110,-110,-110,-110,-110
11,1657875323,T7,-76,-91,-85,-61,-78,-83,-110,-86,-89,-110,-110,-110,-110,-110,-110,-110,-110,-110,-110,-110,-110,-110,-110,-110,-110
12,1657875324,T7,-74,-89,-83,-67,-80,-80,-110,-83,-89,-110,-110,-110,-110,-110,-110,-110,-110,-110,-110,-110,-110,-110,-110,-110,-110
13,1657875325,T7,-74,-89,-83,-67,-80,-80,-110,-83,-89,-110,-110,-110,-110,-110,-110,-110,-110,-110,-110,-110,-110,-110,-110,-110,-110
14,1657875326,T7,-74,-89,-83,-67,-80,-80,-110,-83,-89,-110,-110,-110,-110,-110,-110,-110,-110,-110,-110,-110,-110,-110,-110,-110,-110
15,1657875327,T7,-74,-89,-83,-67,-80,-80,-110,-83,-89,-110,-110,-110,-110,-110,-110,-110,-110,-110,-110,-110,-110,-110,-110,-110,-110
16,1657875328,T7,-74,-89,-83,-67,-80,-80,-110,-83,-89,-110,-110,-110,-110,-110,-110,-110,-110,-110,-110,-110,-110,-110,-110,-110,-110
17,1657875329,T7,-74,-89,-83,-67,-80,-80,-110,-83,-110,-110,-110,-110,-110,-110,-110,-110,-110,-110,-110,-110,-110,-110,-110,-110,-110
18,1657875330,T7,-74,-89,-83,-67,-80,-80,-110,-83,-110,-110,-110,-110,-110,-110,-110,-110,-110,-110,-110,-110,-110,-110,-110,-110,-110
19,1657875332,T7,-76,-89,-84,-58,-80,-79,-110,-84,-110,-92,-110,-110,-110,-110,-110,-110,-110,-110,-110,-110,-110,-110,-110,-110,-110
0,1657875355,T8,-71,-89,-84,-60,-83,-76,-110,-84,-110,-92,-110,-110,-110,-110,-110,-110,-110,-110,-110,-110,-110,-110,-110,-110,-110
1,1657875356,T8,-71,-89,-84,-60,-83,-76,-110,-84,-110,-92,-110,-110,-110,-110,-110,-110,-110,-110,-110,-110,-110,-110,-110,-110,-110
2,1657875357,T8,-71,-89,-84,-60,-83,-76,-110,-84,-110,-92,-110,-110,-110,-110,-110,-110,-110,-110,-110,-110,-110,-110,-110,-110,-110
3,1657875358,T8,-71,-89,-84,-60,-83,-76,-110,-84,-110,-92,-110,-110,-110,-110,-110,-110,-110,-110,-110,-110,-110,-110,-110,-110,-110
4,1657875359,T8,-71,-89,-84,-60,-83,-76,-110,-84,-110,-92,-110,-110,-110,-110,-110,-110,-110,-110,-110,-110,-110,-110,-110,-110,-110
5,1657875360,T8,-71,-89,-84,-60,-83,-76,-110,-84,-110,-92,-110,-110,-110,-110,-110,-110,-110,-110,-110,-110,-110,-110,-110,-110,-110
6,1657875361,T8,-77,-89,-89,-58,-83,-81,-93,-87,-110,-89,-110,-110,-110,-110,-110,-110,-110,-110,-110,-110,-110,-110,-110,-110,-110
7,1657875362,T8,-77,-89,-89,-58,-83,-81,-93,-87,-110,-89,-110,-110,-110,-110,-110,-110,-110,-110,-110,-110,-110,-110,-110,-110,-110
8,1657875363,T8,-77,-89,-89,-58,-83,-81,-93,-87,-110,-89,-110,-110,-110,-110,-110,-110,-110,-110,-110,-110,-110,-110,-110,-110,-110
9,1657875364,T8,-69,-110,-79,-63,-83,-82,-93,-78,-110,-89,-66,-110,-110,-110,-110,-110,-110,-110,-110,-110,-110,-110,-110,-110,-110
10,1657875365,T8,-69,-110,-79,-63,-83,-82,-93,-78,-110,-89,-66,-110,-110,-110,-110,-110,-110,-110,-110,-110,-110,-110,-110,-110,-110
11,1657875366,T8,-69,-110,-79,-63,-83,-82,-93,-78,-110,-89,-66,-110,-110,-110,-110,-110,-110,-110,-110,-110,-110,-110,-110,-110,-110
12,1657875367,T8,-69,-110,-79,-63,-83,-82,-93,-78,-110,-89,-66,-110,-110,-110,-110,-110,-110,-110,-110,-110,-110,-110,-110,-110,-110
13,1657875368,T8,-69,-110,-79,-63,-83,-82,-93,-78,-110,-89,-66,-110,-110,-110,-110,-110,-110,-110,-110,-110,-110,-110,-110,-110,-110
14,1657875369,T8,-69,-110,-79,-63,-83,-82,-93,-78,-110,-89,-66,-110,-110,-110,-110,-110,-110,-110,-110,-110,-110,-110,-110,-110,-110
15,1657875370,T8,-77,-91,-83,-68,-83,-79,-93,-83,-110,-91,-65,-110,-110,-110,-110,-110,-110,-110,-110,-110,-110,-110,-110,-110,-110
16,1657875371,T8,-77,-91,-83,-68,-83,-79,-93,-83,-110,-91,-65,-110,-110,-110,-110,-110,-110,-110,-110,-110,-110,-110,-110,-110,-110
17,1657875372,T8,-77,-91,-83,-68,-83,-79,-93,-83,-110,-91,-65,-110,-110,-110,-110,-110,-110,-110,-110,-110,-110,-110,-110,-110,-110
18,1657875373,T8,-77,-91,-83,-68,-83,-79,-93,-83,-110,-91,-65,-110,-110,-110,-110,-110,-110,-110,-110,-110,-110,-110,-110,-110,-110
19,1657875374,T8,-77,-91,-83,-68,-83,-79,-93,-83,-110,-91,-65,-110,-110,-110,-110,-110,-110,-110,-110,-110,-110,-110,-110,-110,-110
20,1657875375,T8,-77,-91,-83,-68,-83,-79,-93,-83,-110,-91,-65,-110,-110,-110,-110,-110,-110,-110,-110,-110,-110,-110,-110,-110,-110
0,1657875399,T9,-72,-91,-86,-68,-80,-78,-93,-83,-110,-85,-77,-110,-110,-110,-110,-110,-110,-110,-110,-110,-110,-110,-110,-110,-110
1,1657875400,T9,-72,-91,-86,-68,-80,-78,-110,-83,-110,-85,-77,-110,-110,-110,-110,-110,-110,-110,-110,-110,-110,-110,-110,-110,-110
2,1657875401,T9,-72,-91,-86,-68,-80,-78,-110,-83,-110,-85,-77,-110,-110,-110,-110,-110,-110,-110,-110,-110,-110,-110,-110,-110,-110
3,1657875402,T9,-72,-91,-86,-68,-80,-78,-110,-83,-110,-85,-77,-110,-110,-110,-110,-110,-110,-110,-110,-110,-110,-110,-110,-110,-110
4,1657875403,T9,-72,-91,-86,-68,-80,-78,-110,-83,-110,-85,-77,-110,-110,-110,-110,-110,-110,-110,-110,-110,-110,-110,-110,-110,-110
5,1657875404,T9,-72,-91,-86,-68,-80,-78,-110,-83,-110,-85,-77,-110,-110,-110,-110,-110,-110,-110,-110,-110,-110,-110,-110,-110,-110
